2932 4860
481 598 677 653 mstsmo
697 598 981 642 onmco-BIBLIGA.

179 1102 320 1162 videatur
333 1102 493 1163 excludere
506 1103 673 1181 praecedens
687 1112 813 1181 tempus,
828 1122 919 1180 quam
941 1101 990 1163 vel
1013 1100 1120 1163 Graeca
1133 1106 1216 1173 μετὰ,
1231 1100 1284 1162 vel

180 1231 293 1292 Latina
304 1239 377 1311 pout,
392 1241 426 1292 ut
439 1252 505 1311 quac
518 1231 617 1292 dieat:
631 1241 698 1312 post
711 1231 802 1292 finem
816 1239 861 1292 tot
875 1231 1001 1305 dierum,
1015 1231 1172 1310 ipsumque
1187 1231 1283 1291 etiam

179 1362 268 1423 finem
294 1363 453 1423 excludere
476 1363 624 1436 videatur,
645 1363 841 1424 nihilominus
862 1384 920 1424 non
943 1383 1011 1425 raro
1032 1363 1160 1424 includit
1183 1361 1283 1423 illud:

179 1491 275 1554 multo
297 1493 392 1572 magis
414 1492 525 1553 Latina
540 1502 570 1554 et
590 1492 724 1555 Graeca.'’
767 1493 844 1570 Quae
866 1514 957 1572 quum
982 1493 1026 1554 ita
1049 1493 1117 1566 sint,
1127 1494 1198 1570 jure
1212 1513 1286 1553 con·

180 1624 278 1696 cludo,
293 1623 530 1702 praepositionem
543 1627 623 1697 μετὰ,
637 1623 727 1685 etiam
748 1644 818 1684 oum
839 1623 1009 1684 accusativo
1022 1632 1052 1684 et
1065 1632 1184 1700 tempus
1204 1624 1286 1684 indi·

180 1763 307 1826 cantem,
327 1752 495 1832 significare
521 1762 586 1813 tum
614 1752 714 1827 finem,
734 1762 800 1813 tum
826 1753 868 1827 id,
895 1752 975 1843 quod
1003 1752 1184 1832 exprimitur
1212 1753 1285 1814 aliis

180 1883 292 1945 Graecis
308 1887 343 1957 ἐν,
356 1884 464 1952 μεταξὺ
478 1893 533 1944 etc.

221 2013 437 2088 dii-Verum,
457 2035 550 2093 quum
579 2035 617 2074 ex
645 2014 805 2094 disputatis
832 2013 1001 2095 praepositio
1027 2017 1107 2088 μετὰ,
1129 2015 1285 2093 praedictis

180 2143 400 2226 conditionibus
413 2143 520 2223 posita,
530 2152 692 2223 utrumque
704 2143 867 2224 significet:
889 2153 919 2205 et
927 2150 1002 2222 port,
1013 2152 1043 2205 et
1055 2144 1154 2214 iutru,·
1175 2154 1285 2223 sponte

180 2295 241 2335 sese
255 2274 340 2334 offert
353 2273 492 2352 quaestio:
514 2272 546 2332 in
559 2272 625 2334 loco
644 2281 834 2334 controverso
855 2271 954 2333 Marci
968 2293 1007 2332 ex
1021 2271 1139 2332 duabus
1152 2272 1285 2332 notioni·

179 2403 236 2464 bus
249 2414 350 2464 utram
364 2403 498 2463 habeat?
539 2401 726 2481 Respondeo,
740 2404 828 2463 intro.
871 2402 962 2479 Quod
976 2402 1020 2463 ita
1033 2401 1146 2481 probo:
1167 2422 1283 2482 praepo·

179 2533 279 2594 sitioni
301 2532 432 2609 Syriacae
453 2550 569 2593 norun
579 2531 657 2611 (13.)
679 2532 858 2611 respondent
882 2537 933 2607 εἰς,
956 2535 1010 2606 διὰ,
1034 2532 1078 2605 ira,
1099 2533 1189 2593 intra.
1221 2531 1282 2592 Sed

179 2663 273 2743 Syrus
293 2664 439 2742 interpres
451 2661 483 2723 N
485 2709 492 2722 .
506 2661 540 2724 Τ.
555 2683 610 2743 pro
623 2667 694 2732 μετὰ
715 2663 807 2724 vertit
828 2680 952 2725 nonno.
993 2662 1077 2742 Ergo
1097 2662 1191 2723 sumit
1211 2668 1282 2732 μετὰ

180 2816 235 2876 pro
250 2801 300 2871 εἰς,
312 2799 358 2852 διὰ
365 2817 377 2867 ,·
398 2815 434 2856 ac
447 2794 573 2874 proinde
586 2799 656 2864 μετὰ
670 2795 703 2854 in
717 2795 783 2856 loco
804 2795 896 2856 citato
912 2794 1008 2856 Maro.
1022 2794 1172 2874 significat
1192 2795 1282 2855 intra.

181 2927 273 3005 Quod
287 2926 489 3007 praepositioni
503 2945 619 2987 norun
633 2927 833 3006 respondeant
846 2931 897 3001 εἰς,
912 2930 967 3001 διὰ,
981 2926 1173 2988 manifestum
1193 2927 1228 2988 fit
1242 2948 1280 2988 ex

180 3057 349 3121 conlatione
362 3057 547 3136 sequentium
563 3054 697 3117 locorum
710 3055 809 3117 Sacrae
828 3056 998 3136 Scripturas.
1040 3056 1139 3117 Esdra
1155 3056 1201 3134 (x.
1216 3056 1281 3131 8.):

64 3162 67 3167 ’
182 3187 265 3233 narn
279 3163 385 3233 oriar&
399 3185 455 3231 rur
469 3162 507 3230 sia
522 3184 584 3231 aas
598 3161 653 3242 in,
675 3169 741 3249 Syr.
766 3187 977 3230 narrrnorrron
985 3169 1072 3247 (14),
1097 3169 1205 3230 LXX
1220 3169 1282 3232 Πᾶς

183 3298 216 3360 ὅς
231 3296 262 3352 ἄν
275 3304 312 3372 μὴ
329 3300 392 3374 ἔλθῃ
406 3301 448 3362 εἰς
463 3308 540 3373 τρεῖς
554 3303 671 3374 ἡμέρας,
685 3298 780 3378 Vulg.
808 3299 909 3360 Omnia
926 3301 976 3380 qui
989 3319 1049 3360 nou
1063 3301 1171 3359 adierit
1183 3301 1218 3359 in
1231 3299 1284 3359 tri·

181 3427 233 3487 bus
247 3427 355 3488 diebus.
391 3427 452 3506 (Ib.
467 3426 510 3504 9.)
526 3444 609 3491 nram
622 3421 729 3491 nutri
744 3422 845 3491 nirata*
860 3445 941 3518 prun
956 3444 1038 3491 narn*
1052 3443 1120 3491 *aar
1133 3421 1169 3490 52
1183 3443 1282 3524 impr,

180 3556 247 3635 Syr.
263 3556 573 3636 narnnorflon(15.),
588 3531 692 3619 LXX.
708 3557 762 3615 Kar
778 3565 952 3636 συνήχθησαν
965 3564 1065 3622 πάντες
1079 3557 1179 3633 ἄνδρες
1189 3561 1283 3618 Ἰούδα

181 3691 225 3743 καὶ
241 3687 366 3756 Βενιαμὶν
382 3692 423 3751 εἰς
436 3688 619 3762 Ἰερουσαλὴμ
633 3693 675 3752 εἰς
686 3692 738 3753 τὰς
749 3700 827 3763 τρεῖς
842 3694 959 3764 ἡμέρας,
970 3688 1065 3769 Vuig.
1082 3689 1283 3754 Convenerunt

180 3817 275 3893 ipitur
288 3835 384 3876 omues
397 3817 454 3876 oiri
467 3816 552 3878 Judu
566 3823 592 3878 et
605 3817 766 3898 Baujamin
776 3818 811 3880 ira
824 3818 988 3880 Jeroaulem
1002 3819 1095 3881 tribua
1108 3820 1217 3885 diebus.
1241 3824 1284 3897 (3.
