2984 4860
496 566 689 620 DISQUISITIO
710 565 996 609 cumcumssnlch.

191 1067 330 1140 secunda,
345 1067 504 1127 dicendum
520 1065 673 1126 Christum
689 1065 850 1126 intendisse
861 1067 942 1144 loqui
957 1067 994 1126 de
1007 1087 1044 1126 ea
1055 1077 1140 1146 parte
1153 1067 1201 1126 sui
1216 1087 1299 1127 com·

192 1197 290 1277 positi,
304 1218 379 1276 quae,
393 1217 475 1272 aeque
489 1218 525 1257 ao
538 1197 643 1269 Jonas,
657 1196 729 1256 viva
744 1196 826 1275 degit
841 1196 870 1254 in
883 1197 971 1256 oorde
981 1205 1075 1256 terrae.
1116 1195 1175 1256 Sed
1191 1196 1298 1257 anima

190 1327 304 1388 Christi
329 1337 541 1407 postmortem
565 1326 696 1406 profecto
719 1348 777 1387 non
801 1328 860 1387 fuit
881 1328 911 1386 in
936 1326 1082 1406 sepulcro.
1126 1327 1227 1406 Igitur
1247 1351 1299 1389 eor

190 1465 282 1532 terroe,
296 1457 410 1518 scilieet
423 1457 475 1518 ille
490 1458 580 1530 loeus,
595 1479 654 1537 quo
668 1458 771 1517 anima
784 1457 898 1518 Christ-i
913 1458 1024 1518 mansit
1037 1458 1183 1536 quamdiu
1199 1480 1218 1519 a
1232 1480 1298 1519 cor-

191 1609 263 1668 pore
284 1588 343 1649 fuit
366 1589 508 1668 sejuncta,
522 1609 582 1649 non
605 1598 649 1648 est
667 1587 847 1667 sepulerum,
861 1588 911 1647 sed
935 1587 1017 1648 loeus
1039 1587 1070 1646 iu
1095 1588 1193 1648 medio
1208 1597 1298 1648 terrae

191 1719 379 1792 constitutus,
394 1719 445 1797 qui
460 1740 479 1779 a
493 1719 590 1779 Paulo
601 1719 640 1779 ad
655 1719 735 1798 Eph.
748 1718 803 1796 (iv.
818 1717 860 1795 9.)
873 1718 1047 1778 nominatur
1061 1719 1214 1795 inferiores
1222 1740 1298 1796 pam

188 1857 329 1922 testeovoe,
338 1871 357 1910 a
367 1850 457 1911 Petro
468 1852 494 1910 1.
504 1850 562 1929 Ep.
574 1851 629 1928 (iii.
644 1852 689 1910 18.
700 1851 880 1928 19.)dioitur
888 1871 992 1910 ooroer.
1024 1850 1102 1928 Quia
1114 1857 1140 1909 aa
1155 1850 1296 1925 Christos,

189 1979 297 2058 inquit,
311 1980 397 2039 amuel
403 2000 461 2057 pro
470 1980 595 2057 pereatis
616 1981 721 2042 masaa
740 1987 869 2039 metuas
883 1985 923 2039 eat
937 2026 944 2040 .
960 2026 966 2040 .
982 2025 989 2038 .
1005 2027 1011 2039 .
1026 1981 1213 2059 morttflootua
1233 1983 1296 2060 qoi-

191 2107 255 2168 dem
273 2129 369 2180 earne,
383 2108 540 2188 oim‘fieotua
561 2115 657 2168 autem
670 2110 785 2188 spiritu.
827 2109 867 2168 Io
881 2130 936 2189 quo
951 2117 976 2169 et
990 2109 1043 2182 tta,
1057 2112 1109 2189 qai
1128 2112 1162 2169 ia
1183 2131 1296 2170 torrere

190 2248 283 2313 erant,
296 2242 448 2320 spiritibus
455 2239 646 2319 proedioovit;
667 2241 707 2301 ab
730 2241 867 2301 Hebraeis
889 2251 989 2302 autem
1005 2236 1087 2315 hasa,
1101 2263 1120 2302 a
1143 2242 1295 2303 Chaldaeis

190 2367 262 2446 hun,
277 2393 296 2432 a
309 2371 392 2452 Syris
405 2390 542 2433 senuna
554 2371 641 2451 (11.),
652 2382 682 2433 et
693 2393 712 2432 a
726 2373 788 2433 ΡΡ.
804 2373 923 2433 Latinis
934 2392 1058 2434 prunus
1070 2392 1208 2435 Paruum
1219 2396 1293 2436 nun·

190 2512 327 2581 cupatur.
343 2486 348 2505 ’
370 2502 448 2579 Quae
466 2523 560 2582 quum
575 2504 618 2563 ita
632 2503 701 2576 sint,
715 2503 878 2582 quaestioni,
893 2524 983 2582 quarn
1002 2504 1068 2583 quis
1082 2473 1159 2565 forte
1172 2527 1292 2567 movere

191 2640 305 2710 posset:
328 2630 432 2707 Quare
446 2630 584 2691 Christus
601 2652 662 2691 non
675 2631 787 2691 dixerit
800 2632 941 2711 apertius,
955 2631 986 2690 in
1009 2632 1102 2693 limbo
1122 2653 1153 2692 se
1174 2654 1292 2694 mansu·

192 2763 280 2820 rum?
301 2760 538 2839 respondendum
554 2769 650 2842 teneo,
665 2760 818 2821 Christum
835 2761 937 2840 phrasi
951 2763 984 2821 in
999 2762 1082 2822 eorde
1107 2769 1191 2824 teoroe
1205 2785 1290 2824 usum

190 2890 288 2962 fuisse,
303 2902 338 2952 ut
351 2891 450 2953 verbio
464 2911 583 2970 quoque
593 2901 782 2953 conservaret
792 2891 973 2971 analogiam,
984 2913 1051 2973 quae
1064 2914 1096 2952 re
1110 2893 1175 2972 ipsa
1190 2896 1291 2955 existit

190 3020 269 3080 inter
284 3029 417 3079 ventrem
433 3019 489 3079 ceti
504 3031 534 3080 et
549 3020 685 3080 limbum.

233 3148 425 3225 17.-Quum
440 3170 478 3208 ex
493 3149 589 3221 dictis,
603 3149 773 3228 sepulerum
790 3160 917 3229 nequeat
931 3151 991 3211 diei
1005 3173 1053 3211 eor
1067 3158 1158 3225 terra,
1173 3173 1208 3212 eo
1220 3154 1290 3232 quia

190 3278 221 3337 in
237 3277 336 3338 medio
350 3286 436 3338 terrae
449 3298 509 3338 non
524 3289 576 3351 est,
591 3279 742 3358 sequitur;
763 3300 802 3339 ex
818 3300 879 3340 una
893 3291 978 3359 parte
999 3290 1061 3340 tam
1077 3280 1166 3360 longe
1179 3282 1291 3342 distare

190 3427 209 3468 a
223 3407 440 3485 significatione
461 3408 590 3486 sepulcri
605 3408 738 3487 phrasim
753 3411 787 3469 ia
800 3410 884 3469 eorde
898 3416 988 3482 tetro,
1003 3410 1042 3470 ab
1060 3410 1201 3472 omnibus
1215 3414 1291 3473 anti·

188 3535 257 3616 quis
270 3545 300 3595 et
314 3537 481 3597 recentibus
500 3537 695 3610 versionibus,
710 3538 827 3599 duabus
848 3539 990 3618 exeeptis,
1005 3540 1184 3614 adhibitam,
1199 3563 1289 3622 quam

188 3667 314 3728 alteram
330 3668 363 3726 io
377 3667 479 3741 medio,
494 3667 543 3728 vel
556 3668 590 3727 ia
608 3669 676 3728 siau
690 3675 781 3742 terro,
795 3670 841 3729 uti
863 3669 973 3748 legitur
992 3671 1024 3730 in
1045 3672 1232 3734 versionibus
1247 3674 1300 3735 M..

190 3795 318 3856 Lutheri
332 3805 362 3854 et
383 3795 552 3857 Ostervald.
595 3796 645 3856 Ex
671 3798 768 3858 altera
793 3819 872 3872 vero,
886 3820 978 3877 quum
1004 3801 1035 3859 in
1058 3800 1235 3879 loquutione
1258 3805 1293 3863 io
