2932 4860
546 586 742 641 DISQUISITIO
762 587 1049 631 chrrcomBnrcs.

251 1115 312 1155 esse
326 1095 515 1173 accipiendas
526 1115 622 1167 sensu,
638 1095 893 1174 dimetiendosque
903 1095 1028 1173 proinde
1039 1097 1101 1155 dies
1112 1105 1272 1175 noctesque
1284 1098 1362 1157 duo-

253 1227 349 1285 decim
361 1226 481 1286 seorsim
493 1226 679 1302 integrarum
692 1225 844 1298 horarum,
860 1227 903 1285 ita
914 1236 948 1285 ut
958 1226 1088 1303 spatium
1104 1226 1225 1304 plenum
1237 1237 1362 1305 septua-

252 1354 478 1434 ginta-duarum
494 1354 636 1414 horarum
652 1353 740 1413 simul
756 1353 913 1414 efficerent.
949 1354 1078 1430 Quodsi
1094 1354 1295 1428 ostendamus,
1311 1357 1360 1416 uti

253 1507 358 1547 revera
381 1495 433 1560 est,
448 1486 611 1559 Christum,
627 1486 758 1546 laudatis
783 1485 892 1559 verbis,
906 1491 975 1541 κατὰ
1001 1493 1094 1563 σχέσιν
1116 1488 1212 1548 solum
1236 1498 1360 1568 tempus

254 1615 518 1694 significasse,1ao'
533 1618 605 1671 αὐτὰ
622 1637 694 1677 vero
713 1626 839 1677 mortem
853 1618 1178 1696 resurrectionemque;
1199 1639 1253 1679 nec
1268 1620 1359 1698 quid-

252 1766 342 1824 quam
357 1766 418 1806 esse
431 1746 536 1806 iisdem
552 1747 582 1806 in
604 1746 713 1819 verbis,
727 1749 807 1826 quod
828 1757 954 1826 tempus,
970 1753 1038 1803 κατὰ
1061 1754 1153 1824 σχέσιν
1175 1750 1359 1822 indicatum,

252 1884 340 1955 cogat
354 1885 437 1936 arcto
452 1896 537 1936 sensu
562 1876 712 1954 accipere;
734 1878 806 1955 quin
829 1878 931 1938 omnia
953 1898 1073 1957 prorsus
1095 1879 1264 1958 oppositum
1288 1900 1359 1940 sua·

251 2005 337 2078 dere;
359 2005 549 2066 adversarius
578 2026 682 2066 caussa
706 2006 796 2067 eadat
823 2028 897 2086 opus
925 2019 977 2080 est,
1002 2009 1163 2087 licebitque
1190 2012 1358 2088 impavidis

251 2135 336 2196 nobis
351 2156 418 2196 cum
441 2145 505 2196 tota
526 2146 732 2197 anteactorum
754 2138 928 2198 sacculorum
951 2147 1109 2211 vetustate,
1124 2138 1218 2200 verba
1239 2139 1357 2200 Christi
1434 2187 1436 2190 <

251 2277 482 2346 enarratamque
496 2266 536 2327 ab
550 2267 754 2347 Evangelistis
769 2268 872 2328 mortis
888 2269 1171 2347 resurrectionisque
1184 2269 1357 2342 historiam,

251 2398 359 2457 amotis
373 2397 590 2476 sophismatum
605 2397 698 2471 tricis,
713 2397 803 2459 obvio
817 2418 903 2458 sensu
918 2399 1061 2476 accipere.

786 2655 810 2716 I.

289 2915 451 2992 2-Quod
464 2916 559 2994 igitur
573 2915 706 2993 primum
728 2915 758 2973 in
777 2915 1022 2993 disceptationem
1044 2917 1136 2989 venit,
1152 2916 1208 2977 hoc
1223 2927 1286 2978 est:
1308 2918 1354 2978 in-

248 3045 416 3105 tenderitne
438 3044 584 3118 Christus,
606 3044 738 3104 laudatis
758 3044 866 3116 verbis
887 3045 1196 3124 sepulturae-tempus,
1216 3067 1255 3106 an
1279 3069 1354 3108 vero

248 3169 374 3219 mortem
390 3159 694 3237 resurrectionemque
714 3177 799 3216 suam
815 3157 928 3229 directe,
943 3167 977 3218 ut
998 3159 1092 3237 ajunt,
1107 3160 1297 3237 significare?
1318 3161 1352 3220 Si

232 3290 327 3350 -enim
344 3289 420 3348 illud
442 3290 488 3362 sit,
499 3289 568 3368 jure
590 3289 779 3368 adversarius
800 3289 967 3361 contendet,
982 3290 1071 3349 modo
1086 3299 1191 3350 caetera
1206 3302 1352 3364 constent,

246 3431 364 3499 tempus
374 3421 539 3482 arctissimo
550 3442 636 3482 sensu
647 3441 708 3482 esse
716 3421 938 3500 accipiendum:
953 3422 978 3481 si
989 3435 1060 3483 vero
1071 3422 1136 3495 hoc,
1148 3423 1209 3482 illis
1220 3423 1355 3485 vinculis

247 3552 483 3630 haudquaquam
493 3552 671 3625 tenebimur,
682 3554 844 3630 pracsertim
854 3554 878 3612 si
887 3552 991 3613 favent
1000 3563 1113 3614 caetera.
1136 3554 1246 3615 Assoro
1255 3557 1352 3635 igitur

246 3679 410 3754 Christum,
425 3680 550 3741 laudato
561 3681 741 3753 testimonio,
754 3682 813 3736 καθ’
830 3683 911 3752 αὐτὰ,
923 3702 958 3742 ac
973 3683 1093 3755 directe,
1109 3693 1234 3744 mortem
1254 3707 1353 3752 resur,

247 3812 468 3891 rectionemque
481 3832 566 3872 suam
581 3813 740 3891 praesagire
754 3811 923 3885 intendisse,
937 3822 1054 3892 tempus
1068 3824 1168 3874 autem
1184 3815 1279 3875 solum
1296 3838 1351 3895 per
