2932 4860
357 596 514 639 cnnrsrns
534 596 651 640 rneurr
671 596 708 639 m
728 598 896 642 aurumne
918 581 972 646 72
993 598 1100 643 florus
1216 581 1281 642 xvii

182 805 295 865 nocte.''
338 804 398 864 Ex.
413 806 467 864 xii.
483 807 510 865 8.
526 807 582 866 hoe
597 816 649 878 cst,
664 807 694 865 in
711 816 796 867 noete
810 807 1060 885 decimaequartae
1073 807 1142 867 diei.
1174 806 1280 866 Proxi-

178 940 244 978 mus
259 918 416 978 duodecim
432 919 576 979 horarum
591 919 654 979 dies
668 929 734 979 erat
747 920 848 980 adhue
862 920 925 980 dies
939 920 1184 998 decimaquarta.
1214 919 1278 981 Fac

177 1032 267 1110 hujus
281 1032 323 1091 rei
345 1033 516 1092 recorderis.

217 1144 553 1206 Summe—Obrutus
575 1145 683 1223 paseha
707 1146 856 1206 celebravit
880 1153 967 1219 erecte,
982 1168 1040 1226 que
1060 1146 1122 1225 fuit
1146 1146 1280 1206 truditur.

181 1257 292 1318 Matth.
308 1259 394 1318 xxvi.
411 1261 547 1319 17.—25.
563 1260 690 1320 47-49.
733 1259 808 1319 Haec
823 1260 882 1319 suit
903 1280 963 1320 nox
978 1260 1038 1320 diei
1060 1260 1281 1338 decimaequar

180 1385 225 1431 tae.
267 1372 359 1432 Hanc
373 1373 467 1450 ipsam
491 1383 607 1432 noctem
623 1372 673 1432 lex
695 1373 977 1452 requirebat-non
999 1372 1100 1433 aliam.
1143 1373 1281 1433 Christus

183 1485 266 1545 venit
280 1485 446 1563 adimplere
461 1486 658 1564 legem-non
673 1486 797 1546 solvere.
840 1486 951 1546 Matth.
966 1508 995 1548 v.
1013 1487 1059 1547 17.

220 1597 543 1659 Omma-Otreres
564 1599 627 1675 suit
654 1602 733 1658 eruet
752 1601 833 1679 fleur
854 1602 998 1677 proximis
1025 1599 1174 1660 duodecim
1203 1599 1281 1660 tore

178 1711 303 1770 diurnis.
355 1711 466 1772 Matth.
496 1713 593 1784 xxvii,
620 1714 727 1785 1-35,
742 1722 772 1772 et
786 1712 881 1772 Marc.
897 1734 948 1775 xv.
965 1713 1071 1772 1—24.

219 1823 510 1885 Noun—Proxime
522 1826 583 1886 dies
593 1826 832 1906 (decime-quinta
845 1826 964 1903 urentis)
974 1834 1036 1886 erut
1048 1848 1159 1905 semper
1172 1826 1281 1888 Satta-

180 1945 238 1996 tum
259 1938 319 1997 Ex.
332 1939 385 1998 xii.
402 1940 458 2011 16„
471 1939 545 2001 Lev.
558 1940 644 2000 xxiii.
657 1941 754 2012 4-7.,
770 1940 862 2000 Num.
878 1941 987 2001 xxviii.
1004 1941 1130 2001 16-18.
1173 1941 1281 2018 Agnus

180 2051 330 2129 paschalis
345 2052 491 2112 edebatur
506 2062 591 2113 nocte
606 2053 861 2132 decima-quarta;
876 2055 925 2113 eui
940 2054 1119 2132 respondens
1133 2054 1276 2114 diurnum

179 2176 297 2243 tempus
312 2174 377 2225 erat
391 2167 589 2244 “praepa-ratio
608 2166 776 2244 paschalis''
791 2166 925 2227 Sabbati.
967 2166 1016 2228 Jo.
1032 2167 1096 2227 xix.
1114 2168 1160 2227 14.

221 2277 406 2337 necrus-
413 2277 542 2338 Otrtetm
549 2279 647 2356 jacuit
660 2281 693 2338 ie
707 2281 835 2357 repulere
857 2297 986 2339 neonus
1005 2297 1169 2340 susannis.
1212 2279 1282 2341 Hoc

179 2390 210 2448 in
226 2389 311 2450 nulla
326 2390 458 2468 Angliea
473 2391 617 2463 versione,
632 2412 723 2470 quam
738 2412 872 2470 unquam
887 2392 1025 2464 viderim,
1041 2402 1166 2471 apparet
1182 2415 1188 2464 ;
1210 2394 1281 2472 quia

182 2503 359 2581 interpretes
386 2504 535 2563 dederunt
555 2525 623 2563 arrae
646 2505 896 2582 interpretationes
918 2505 982 2565 loeo
1005 2507 1165 2567 versionis!
1208 2505 1280 2567 Vox

183 2615 377 2675 “Sabbatum'’
392 2615 455 2676 sive
476 2616 624 2695 singulari
638 2618 701 2677 sive
718 2616 830 2696 plurali
851 2637 976 2678 numero
997 2619 1147 2696 reperitur
1167 2619 1197 2677 in
1220 2617 1281 2679 No

178 2751 218 2788 vo
232 2728 423 2790 Testamento
438 2728 544 2790 Graeco
565 2732 802 2810 sexaginta-octo
816 2730 941 2791 vicibus.
977 2731 1025 2792 Ea
1039 2742 1139 2792 autern
1163 2732 1281 2793 reddita

179 2853 231 2913 est,
254 2843 299 2902 uti
321 2843 440 2919 baptizo,
461 2844 801 2922 quinquaginta-novem
823 2844 1137 2917 vicibus—Sueten,
1156 2846 1282 2906 metare

181 2954 378 3033 (Sabbatum)
392 2978 399 3028 ;
421 2965 451 3015 et
472 2957 615 3029 Σάββατα,
634 2957 775 3017 Sabbatha
790 2956 962 3035 (Sabbata).
1003 2958 1120 3018 Verum
1136 2979 1224 3019 versa
1238 2969 1282 3019 est

179 3088 286 3127 novem
311 3068 429 3128 vicibus
453 3068 547 3130 verbo
562 3069 799 3129 “hebdomadat”
841 3070 961 3149 Septem
983 3071 1176 3149 sequentibus
1198 3071 1279 3142 loeis,

179 3182 408 3242 “hebdomada'’
432 3184 556 3260 ponitur
583 3204 637 3261 pro
660 3183 773 3262 plurali
794 3183 900 3244 Graeco
921 3184 1072 3245 Sabbaths
1095 3184 1277 3261 (Sabbata):

182 3295 294 3355 Matth.
310 3296 419 3356 xxviii.
436 3297 471 3368 1.,
487 3296 583 3357 Mare.
599 3297 662 3356 xvi.
678 3299 715 3369 2„
731 3297 805 3357 Luc,
821 3298 905 3359 xxiv.
923 3300 959 3371 1.,
974 3296 1022 3358 Jo.
1035 3319 1086 3357 xx.
1100 3299 1126 3357 1.
1143 3298 1280 3370 19.,Aet.

179 3430 232 3467 xx.
248 3410 274 3469 7.
290 3417 320 3468 et
336 3410 362 3468 1.
378 3409 445 3469 Cor.
462 3410 524 3471 xvi.
541 3413 586 3481 .2;
600 3419 630 3470 et
644 3410 762 3470 duobus
775 3411 967 3489 sequentibus
982 3411 1062 3484 loeis,
1077 3433 1113 3471 ea
1127 3421 1170 3472 est
1184 3410 1279 3471 solum

181 3543 235 3599 pro
251 3543 310 3582 uno
325 3523 472 3600 singulari
486 3522 621 3583 Sabbato
630 3525 637 3583 l
646 3535 707 3602 'pro
722 3544 782 3583 uno
796 3523 943 3602 singulari
957 3524 1022 3584 diel
1045 3524 1120 3584 Lue.
1136 3525 1222 3597 xviii,
1234 3527 1280 3585 12.

179 3645 209 3694 et
224 3634 319 3694 Mare.
334 3636 397 3696 xvi.
413 3636 440 3696 9.
483 3636 526 3697 Et
545 3637 679 3715 quinque
700 3638 808 3697 harum
830 3637 1086 3697 subabsurdarum
1110 3639 1280 3699 versionum

179 3757 250 3807 sunt
264 3749 295 3807 in
309 3750 483 3810 narratione
504 3751 728 3811 resurrectionis
742 3750 867 3812 Domini
882 3750 992 3811 nostri!
1033 3750 1066 3811 si
1087 3761 1201 3812 rectum
1223 3753 1282 3813 fuit

177 3870 284 3922 emere
295 3862 462 3924 Sabbatum
476 3865 815 3943 quinquaginta-novem
830 3865 955 3938 vicibus,
967 3886 1021 3925 eur
1035 3885 1094 3925 non
1110 3867 1222 3926 laetum
1238 3876 1282 3928 est

177 3977 317 4036 similiter
327 3977 395 4037 aliis
406 3999 512 4039 novem
523 3981 535 4038 ‘l
550 3979 661 4038 Decem
675 3979 756 4052 loeis,
767 3978 945 4051 Sabbatum,
956 3979 1037 4056 quod
1046 3977 1151 4039 Graece
1162 3980 1281 4057 plurale

178 4102 232 4162 est,
247 4112 366 4151 versum
387 4102 432 4152 est
456 4092 586 4171 Anglice
607 4093 638 4151 in
662 4093 809 4171 singulari
830 4113 964 4152 numero.
1006 4092 1108 4168 Quid!
1150 4091 1280 4153 Nullum

178 4205 338 4265 discrimen
353 4204 457 4266 Graece
477 4217 521 4267 est
534 4208 615 4267 inter
634 4226 729 4267 unum
750 4205 917 4268 Sabbatum
932 4215 963 4266 et
976 4205 1044 4284 plus
1058 4227 1150 4285 quam
1164 4209 1282 4267 unum?

681 4321 700 4380 3
