2932 4860
186 584 245 646 179
487 602 682 658 nisonrsmro
703 605 987 651 ormoonrnnror.

184 981 246 1036 tum
265 975 418 1057 singulare
438 986 468 1039 et
481 976 599 1056 plurale
613 978 661 1040 68.
676 978 793 1041 vicibus
813 979 845 1039 in
865 977 906 1043 N.
928 978 962 1042 Τ.
983 981 1139 1061 reperitur,
1154 1001 1289 1062 quarum

184 1105 231 1166 59.
254 1106 399 1180 redditur,
412 1114 445 1168 at
465 1107 585 1188 baptiza,
598 1108 659 1170 sic:
679 1108 833 1183 Sabbatm,
847 1109 993 1182 Sabbatb,·
1014 1121 1044 1172 et
1063 1110 1199 1186 Sabbata,
1213 1111 1290 1173 Sab·

184 1236 273 1312 batbo,
297 1259 405 1300 novem
429 1238 552 1319 reliquis
575 1239 712 1301 redditur
736 1260 791 1320 pro
815 1241 899 1315 weeb,
923 1240 1120 1302 bebdomadal
1161 1240 1288 1321 Septem

182 1368 373 1448 sequentibus
396 1368 469 1431 locis
496 1369 676 1431 bebdomada
696 1379 741 1432 est
767 1391 822 1450 pro
849 1370 963 1450 plurali
991 1369 1097 1433 Graeco
1123 1370 1268 1433 Sabbatha
1280 1395 1292 1443 ,·

183 1496 295 1560 Matth.
311 1499 434 1576 (xxviii.
446 1498 499 1577 1.),
510 1498 606 1560 Marc.
620 1499 696 1576 (xvi.
709 1499 761 1576 2.),
773 1498 848 1560 Luc.
861 1500 960 1573 (xxiv.
972 1499 1016 1578 1),
1026 1499 1076 1561 Jo.
1090 1499 1157 1577 (xx.
1169 1500 1196 1561 1.
1210 1500 1290 1574 19.),

184 1628 255 1690 Act.
271 1629 339 1707 (xx.
354 1627 397 1706 7.)
412 1630 484 1690 etl.
505 1629 573 1690 Oor.
589 1606 674 1708 (xvi,
689 1631 752 1705 2.);
773 1630 890 1692 duobus
910 1632 992 1693 hisce
1004 1651 1076 1694 vero
1097 1640 1141 1692 est
1154 1652 1209 1711 pro
1224 1651 1290 1693 una

155 1761 159 1769 '
183 1761 247 1822 solo
261 1760 327 1836 die;
342 1760 417 1824 Luc.
433 1760 533 1840 (xviii.
548 1760 611 1839 12),
623 1761 719 1824 Marc.
736 1762 812 1842 (xvi.
828 1763 880 1842 9.).
909 1762 1053 1842 Quinque
1062 1753 1171 1823 harum
1182 1762 1289 1824 sabab·

181 1890 339 1952 surdarum
361 1890 532 1953 versionum
556 1891 720 1971 respiciunt
740 1891 987 1953 resurrectionem
1008 1891 1140 1952 Christil
1181 1889 1216 1951 si
1236 1891 1288 1952 59.

180 2020 298 2083 vicibus
311 2020 507 2082 reddiderunt
519 2019 685 2095 Sabbatum,
699 2040 754 2081 cur
777 2041 837 2082 non
850 2020 989 2082 similiter
1002 2020 1160 2081 reddidere
1173 2020 1201 2081 9.
1217 2020 1287 2081 reli·

181 2153 271 2232 quis?
284 2199 292 2214 .
307 2197 314 2213 .
329 2197 355 2214 ..
370 2151 408 2212 In
430 2151 541 2212 Matth.
558 2151 680 2229 (xxviii.
696 2151 740 2229 1.)
753 2173 760 2212 ε
788 2149 909 2230 Vespere
929 2158 1024 2212 actem
1036 2149 1166 2224 motat,
1179 2148 1290 2211 Graece

180 2292 225 2344 est
239 2285 398 2357 σαββάτων,
411 2291 442 2343 et
455 2281 536 2342 hisce
549 2281 616 2343 aliis
635 2281 718 2356 weeb,
733 2280 923 2355 bebdoaaada,
937 2280 1075 2342 similiter
1089 2290 1132 2342 est
1146 2301 1202 2359 pro
1217 2284 1290 2352 σαβ-

179 2416 273 2485 βάτων
284 2436 294 2474 .·
315 2411 427 2475 Matth.
443 2412 566 2491 (xxviii.
581 2412 624 2490 1.)
637 2434 644 2473 :
671 2411 742 2490 Quat
755 2412 868 2473 lucescit
880 2414 915 2472 in
922 2413 1025 2491 prima
1034 2411 1165 2486 Sabbati,
1177 2414 1290 2482 σαββά-

41 2603 48 2613 ,
180 2567 243 2606 των.
285 2543 382 2605 Marc.
398 2543 475 2623 (xvi.
497 2543 557 2621 2.):
578 2532 815 2604 Etoablemaaa
828 2563 892 2604 aaa
909 2542 1110 2616 Sabbataum,
1125 2545 1290 2614 σαββάτων.

181 2673 256 2738 Luc.
272 2675 372 2754 (xxiv.
387 2675 430 2753 1.)
443 2697 450 2736 τ
478 2673 545 2737 Uoc
558 2680 654 2735 actam
670 2672 799 2748 Sabbatc‘,
813 2680 867 2730 τῶν
890 2677 1048 2745 σαββάτων.
1069 2673 1120 2735 Jo.
1136 2673 1205 2747 (xrr.
1221 2673 1265 2752 1.)
1283 2697 1289 2734 :

187 2804 253 2868 Una
267 2811 362 2866 autam
382 2804 511 2878 Sabbata,
526 2809 579 2860 τῶν
598 2807 756 2874 σαββάτων.
798 2803 882 2884 Ergo
903 2804 1060 2884 quinquies
1079 2777 1239 2866 Sabbatma
1253 2807 1289 2866 in

179 2955 304 2996 numero
317 2933 432 3015 plurali
445 2934 574 2996 refertur
587 2935 627 2994 od
648 2934 894 2995 resurrectionem
914 2934 1035 2996 Christi.
1077 2933 1215 2996 Christus
1229 2935 1290 3015 igi-

179 3076 229 3128 tur
245 3065 343 3146 jacuit
362 3065 394 3125 in
422 3064 559 3145 sepulcro
585 3063 709 3126 Sabbata
737 3063 882 3138 Pasababi,
904 3063 985 3144 quod
1008 3063 1115 3125 incidit
1143 3063 1175 3123 in
1204 3063 1285 3125 diem

180 3195 275 3272 Jovis,
289 3206 319 3258 et
332 3196 457 3258 Sabbata
476 3196 600 3275 propria
614 3195 719 3257 diata.’'

220 3325 417 3407 83.-Itoque
431 3325 507 3400 dico,
528 3326 660 3405 quinque
681 3324 754 3387 locis
773 3325 904 3406 praefatis
925 3344 991 3405 quae
1011 3325 1174 3405 respiciunt
1188 3345 1287 3387 resur·

179 3459 341 3521 rectionem
364 3456 487 3531 Christi,
501 3456 598 3518 formo
612 3455 751 3517 Ellaaa'ca
765 3454 895 3518 nominis
908 3456 1065 3517 Sabbatum
1086 3463 1131 3516 est
1144 3455 1287 3534 pluralis,

179 3587 359 3670 significatio
372 3605 444 3648 vero
458 3594 512 3660 est,
525 3594 556 3647 et
575 3586 739 3647 necessario
754 3586 843 3647 debet
864 3605 925 3647 esse
938 3605 983 3661 eu,
997 3605 1063 3665 quae
1078 3585 1241 3647 exhibetur
1255 3586 1287 3647 in

181 3718 317 3780 versione
330 3714 483 3795 Anglica3
504 3714 630 3794 proinde
644 3713 691 3774 illi
711 3714 898 3776 traductores
912 3714 1059 3776 dederunt
1073 3736 1171 3776 ueram
1184 3720 1289 3778 amnio-

180 3869 245 3910 aara
259 3856 289 3908 et
309 3867 370 3908 non
382 3849 519 3926 papam
536 3847 793 3925 interpretationes.
835 3845 888 3907 Ad
910 3847 1100 3926 quaestionem
1121 3867 1210 3910 vero:
1234 3847 1289 3911 “Si

181 3979 228 4040 59.
243 3976 360 4040 vicibus
373 3975 570 4037 reddiderunt
583 3973 749 4050 Sabbatum,
760 3995 814 4036 our
827 3995 888 4037 non
899 3975 1037 4038 similiter
1049 3985 1176 4056 egerunt
1188 3977 1287 4040 relate
