2932 4860
478 611 674 665 msomslrlo
695 612 982 657 emmerammus.

173 1115 322 1193 jejunasse
343 1115 435 1176 tribua
455 1115 556 1177 diadas
576 1125 602 1176 et
622 1117 715 1176 tribua
735 1118 872 1190 noctibas,
894 1117 1032 1196 quamvis
1049 1107 1115 1197 'ejus
1132 1117 1284 1197 jejunium

181 1266 239 1319 non
255 1245 348 1308 fuerit
362 1255 550 1326 protractum
566 1248 604 1310 ad
626 1249 961 1328 septuaginta-duarum
983 1249 1126 1309 horarum
1142 1251 1284 1328 spatium,

179 1395 274 1454 neque
287 1397 340 1436 sex
355 1377 522 1439 constiterit
535 1379 672 1458 partibus
687 1379 803 1439 dierum
819 1389 848 1439 et
862 1379 1005 1439 noctium.
1048 1379 1099 1438 Ex
1119 1379 1183 1439 alia
1196 1389 1282 1458 parte

179 1526 260 1579 vero,
274 1508 528 1584 quemadmodum
543 1509 568 1569 is
581 1508 694 1569 frustra
709 1519 843 1570 uteretur
856 1509 959 1589 phrasi
974 1510 1085 1570 Esther
1098 1510 1281 1588 supradicta,

180 1635 233 1714 qui
247 1655 313 1696 eam
334 1637 481 1716 proferret
501 1639 541 1699 ad
562 1639 823 1700 determinandum
845 1650 961 1719 tempus
977 1641 1086 1720 jejunii
1107 1641 1179 1721 ejus,
1193 1662 1284 1721 eoque

179 1767 262 1846 pejus
276 1767 316 1826 ad
332 1767 532 1847 probandum,
548 1769 659 1830 Esther
673 1770 790 1830 nonnisi
806 1770 1128 1849 septuagintaduabus
1141 1770 1225 1832 horis
1246 1771 1282 1831 ab

177 1899 297 1979 incepto
313 1900 437 1979 jejunio,
452 1901 616 1980 ingressam
637 1901 727 1962 fuisse
747 1902 786 1961 ad
801 1922 918 1981 regem3
940 1901 1062 1980 quando
1083 1901 1193 1980 potius,
1208 1902 1283 1963 siout

179 2030 273 2092 Sacra
295 2031 452 2110 Scriptura
477 2032 573 2105 docet,
587 2033 653 2110 ipsa
675 2032 791 2110 phrasis
806 2041 850 2092 est
863 2031 987 2092 aliunde
1003 2030 1233 2091 determinanda
1257 2041 1284 2092 et

180 2162 415 2223 determinatur:
438 2163 481 2223 ita
494 2162 607 2222 frustra
621 2160 802 2222 clarissimus
823 2161 1013 2222 adversarius
1033 2181 1104 2220 usus
1117 2169 1162 2221 est
1182 2161 1283 2240 phrasi

180 2290 294 2352 Christi
308 2292 399 2352 tribas
413 2291 514 2352 dietata
527 2298 554 2352 et
567 2291 660 2351 tribas
672 2291 809 2365 noctibas,
824 2292 863 2351 ad
885 2290 1146 2351 determinandum
1168 2299 1285 2371 tempus

180 2423 343 2502 sepulturae
364 2423 436 2501 ejus,
455 2422 498 2482 ita
520 2431 555 2482 ut
577 2421 736 2501 prophetia
758 2421 804 2482 his
829 2441 968 2499 expressa
990 2420 1098 2493 verbis,
1112 2440 1201 2480 suum
1225 2441 1285 2481 non

180 2552 333 2613 habuisset
351 2551 613 2629 complementum,
627 2551 652 2612 si
673 2549 810 2611 Christus
825 2571 883 2610 non
906 2551 1061 2611 mansisset
1081 2551 1285 2630 septuaginta-

180 2683 298 2745 duabus
320 2683 402 2744 horis
424 2683 455 2743 in
479 2683 623 2762 sepulcro.
665 2682 819 2761 Siquidem
842 2683 921 2743 enim
950 2682 1095 2755 Christus,
1118 2683 1164 2742 uti
1186 2692 1286 2744 censet

180 2815 378 2889 adversarius,
393 2814 567 2894 praedictam
588 2813 722 2892 phrasim
743 2813 782 2874 ad
805 2821 923 2892 tempus
945 2833 1004 2872 suae
1025 2810 1188 2891 sepulturae
1209 2812 1285 2873 indi·

180 2944 320 3018 candum,
330 2942 489 3015 adhibuit;
504 2943 646 3021 quoniam
662 2941 731 3021 Ipse
744 2941 857 3003 sciebat
868 2941 1013 3021 quamdiu
1024 2950 1090 3001 erat
1102 2940 1134 3000 in
1148 2941 1285 3021 sepulcro

179 3093 347 3146 mansurus,
370 3071 518 3132 indicavit
545 3080 646 3131 autem
675 3071 786 3150 phrasi,
811 3091 877 3149 quae
900 3078 1019 3131 tantum
1047 3078 1108 3130 tres
1132 3069 1196 3130 dies
1224 3090 1285 3130 non

180 3206 310 3281 integros
324 3203 490 3281 significat;
513 3211 547 3262 ut
561 3211 666 3262 exacte
679 3201 756 3260 illud
774 3210 891 3280 tempus
913 3206 1118 3278 cognoscatur,
1133 3220 1286 3261 recurren-

182 3333 254 3392 dum
269 3332 365 3392 estad
380 3332 441 3392 alia
455 3331 564 3405 media,
580 3331 689 3410 quibus
706 3330 850 3391 adhibitis
864 3340 894 3391 et
914 3331 1042 3392 veritate
1064 3331 1135 3391 inde
1157 3331 1284 3406 detecta,

179 3464 244 3525 sine
256 3463 456 3542 trepidatione
469 3464 526 3523 erit
540 3462 717 3523 dicendum:
738 3471 855 3541 tempus
869 3461 946 3521 illud
961 3461 1063 3540 phrasi
1077 3461 1170 3522 trabas
1184 3462 1286 3524 dicbus

180 3602 207 3656 et
234 3594 326 3654 tribas
352 3594 481 3654 noctibas
507 3593 644 3653 indicari.
693 3591 777 3671 Ergo
804 3592 870 3671 ipsa
904 3591 1020 3670 phrasis
1050 3591 1285 3671 indeterminata

181 3745 274 3804 quum
296 3725 343 3798 sit,
366 3724 514 3784 incassum
538 3723 598 3783 fuit
619 3721 758 3783 adhibita
781 3722 820 3782 ad
842 3730 960 3801 tempus
983 3721 1145 3801 sepulturae
1169 3721 1284 3783 Christi

181 3853 452 3915 determinandum.

222 3983 452 4062 32.-Sequitur
473 4003 510 4043 ex
531 3983 648 4062 integro
668 3982 725 4043 hoc
746 3982 955 4062 paragrapho:
977 3981 1179 4043 testimonium
1201 3983 1283 4062 apud
