2932 4860
495 642 690 696 DISQUISITIO
710 642 994 686 camec-nmmos.

188 1152 298 1222 χρείας,
324 1147 424 1226 Loaye
448 1149 548 1220 semaa,
572 1167 658 1226 quom
683 1167 754 1224 epae
778 1146 865 1206 erat.'’
908 1144 1016 1206 Relate
1040 1154 1141 1205 autem
1164 1145 1204 1204 ad
1230 1143 1297 1204 alia

191 1277 302 1337 verba:
326 1283 367 1340 εἰς
381 1282 444 1346 μίαν
460 1284 512 1332 τῶν
536 1280 694 1351 σαββάτων,
709 1276 813 1338 addit:
855 1277 969 1337 “Porro
990 1298 1081 1337 urtam
1101 1276 1222 1337 Sabbata·
1237 1297 1296 1355 pro

183 1409 285 1484 prima
299 1405 426 1478 serait,
442 1405 640 1466 Hebraeorum
656 1405 806 1478 idiomate,
820 1405 935 1466 dictum
952 1426 1021 1479 mse,
1036 1412 1095 1465 tara
1108 1412 1147 1465 cet
1159 1405 1295 1484 adorare,

187 1550 220 1598 ut
235 1538 403 1598 difficiliora
416 1546 598 1616 spectantem
610 1537 744 1597 indicare
754 1537 882 1616 pigeat.'’
904 1536 996 1614 Quod
1007 1537 1122 1597 dictum
1133 1546 1177 1597 est
1187 1537 1226 1597 de
1237 1543 1291 1605 μία
1353 1555 1357 1562 ·

188 1672 344 1741 actatum,
359 1667 438 1746 quod
459 1666 570 1747 legitur
591 1668 672 1746 apud
694 1666 805 1728 Matth.
823 1667 893 1745 (loc.
915 1668 991 1744 cit),
1006 1677 1050 1728 est
1070 1667 1291 1747 applicandum

186 1795 282 1856 tribus
297 1795 417 1874 reliquis
432 1796 504 1856 locis
517 1817 608 1875 supra
622 1797 738 1870 citatis3
760 1797 895 1857 eamdem
910 1797 990 1857 enim
1005 1797 1138 1876 phrasim
1153 1799 1292 1876 praesefe-

185 1938 265 1986 runt.
308 1926 450 2006 Quinque
464 1947 534 2004 ergo
549 1925 615 1987 loca
629 1948 647 1987 a
662 1927 698 1987 cl.
714 1926 885 1988 adversario
900 1927 1025 2006 objecta,
1039 1929 1083 1988 ita
1104 1937 1175 2015 sant
1189 1948 1291 1990 neces·

185 2051 263 2117 sario
278 2056 482 2136 intelligenda,
498 2066 532 2117 ut
545 2056 576 2116 in
596 2057 702 2136 primo,
718 2061 865 2113 σαὸὅάτων
887 2057 1034 2137 significet
1059 2057 1135 2117 diem
1157 2056 1292 2132 Sabbata,

184 2188 216 2246 in
231 2188 352 2266 reliquis
366 2186 582 2261 hebdomadam,
597 2208 663 2267 quae
683 2159 803 2267 septem·
815 2197 931 2248 constat
945 2187 1057 2248 diebus.
1086 2186 1108 2249 J
1109 2208 1158 2248 am
1173 2209 1240 2268 age,
1255 2189 1289 2249 in

185 2320 318 2379 versione
333 2318 464 2398 Anglica
478 2319 521 2378 ita
535 2317 657 2379 fuerunt
676 2319 794 2379 reddita
808 2339 844 2379 ea
857 2319 932 2380 loca.
974 2319 1058 2398 Ergo
1073 2317 1119 2378 illi
1133 2318 1292 2379 traducto-

183 2471 228 2509 res
242 2471 338 2509 veram
354 2449 506 2508 certionem
519 2447 666 2509 dederunt
681 2458 710 2509 et
724 2469 784 2509 non
794 2450 935 2527 propriae
945 2450 1199 2528 interpretationes.

224 2580 460 2658 rra-Denique,
475 2588 505 2639 ct
518 2580 575 2640 hoc
597 2580 829 2659 peremptorium
847 2580 905 2640 erit
927 2580 962 2640 cl.
987 2580 1168 2641 adversario.
1212 2580 1287 2641 Lin-

182 2733 241 2792 gua
262 2711 386 2789 Syriaca
408 2711 539 2772 diversas
561 2731 645 2772 voces
664 2711 788 2772 adhibet
802 2710 841 2771 ad
862 2710 1090 2790 significandum
1113 2710 1284 2772 Sabbatum

182 2852 211 2903 et
240 2840 481 2902 hebdomadam:
504 2862 558 2920 pro
585 2841 634 2902 die
661 2843 768 2920 quietis
795 2842 892 2902 utitur
919 2861 992 2902 voce
1019 2841 1286 2919 sonanron(27.),

181 2994 235 3050 pro
264 2972 453 3032 hebdomada
480 2981 581 3032 autem
608 2971 860 3050 sonanor(28.);
883 2992 1011 3051 quorum
1033 2971 1129 3032 forma
1154 2971 1285 3050 pluralis

182 3104 347 3163 communis
374 3110 417 3162 est
430 3101 670 3178 concremat).
712 3101 784 3163 <Iam
809 3122 877 3162 vero
901 3105 1057 3174 σαόὸάτων,
1078 3101 1158 3180 quod
1180 3102 1282 3180 primo

179 3235 244 3296 loco
272 3235 401 3295 occurrit
421 3233 502 3312 apud
532 3233 642 3294 Matth.
666 3231 699 3310 (l.
722 3233 771 3310 c),
792 3232 914 3309 Syriaco
941 3232 1077 3293 redditur
1105 3250 1280 3305 sonanron,

179 3366 294 3444 reliqua
315 3385 386 3425 vero
407 3363 575 3424 redduntur
598 3381 750 3424 sonanon.
795 3363 938 3425 Addatur
959 3364 1037 3424 hanc
1058 3363 1282 3424 distinctionem

178 3495 331 3556 observari
359 3513 476 3572 quoque
503 3492 542 3552 ab
570 3492 731 3572 interprete
759 3492 878 3553 Persico
905 3502 935 3553 et
966 3492 1147 3571 AEthiopico
1193 3492 1283 3572 Ergo

178 3625 340 3684 adfuerunt
364 3624 501 3697 rationes,
522 3644 576 3683 cur
598 3623 783 3684 traductores
803 3623 942 3703 Anglicae
962 3624 1104 3686 versionis
1125 3624 1206 3685 dicto
1231 3646 1282 3686 su·

178 3778 233 3836 pra
252 3757 339 3816 modo
361 3754 486 3835 praefata
506 3755 573 3815 loca
594 3753 758 3816 reddidere.
801 3754 851 3814 En
871 3753 967 3815 allata
987 3753 1054 3814 loca
1076 3775 1144 3814 cum
1169 3755 1280 3815 versio-

114 3906 116 3909 ·
177 3887 265 3947 nibus
279 3885 412 3965 Syriaca,
427 3885 556 3959 Persica,
570 3885 746 3965 AEthiopica
759 3894 789 3946 et
803 3885 937 3965 Anglica
951 3895 1141 3964 comparata:
1164 3884 1279 3948 Matth.

179 4017 299 4094 (xxviii.
326 4015 385 4094 l.):
408 4016 472 4084 Ὀψὲ
487 4019 517 4071 δὲ
533 4019 691 4090 σαββάτων,
706 4040 738 4094 τῃ
761 4019 955 4093 ἐπιφωσκούσῃ
972 4022 1014 4081 εἰς
1028 4022 1090 4085 μίαν
1106 4020 1281 4090 σαββάτων;
