2932 4860
479 591 675 646 Dlsoulslulo
696 590 980 634 cmrlconlnulcn.

177 1102 209 1154 ut
222 1094 319 1173 socios
332 1094 427 1154 Pbuse
445 1093 572 1154 Domino
586 1093 650 1154 Deo
664 1100 712 1154 tito
727 1141 733 1154 .
749 1141 756 1154 .
772 1140 778 1154 .
794 1141 801 1154 .
817 1093 975 1154 imntolobin
995 1092 1091 1154 Pboae
1111 1113 1224 1170 nemore
1240 1090 1283 1150 od

177 1225 244 1283 solis
267 1243 403 1296 ommuni,
426 1243 486 1282 esse
511 1222 707 1302 intelligenda
731 1222 771 1317 fle
791 1223 927 1283 secundis
948 1223 1077 1302 vesperis
1101 1221 1161 1282 diei
1183 1220 1281 1282 XIV.

179 1353 287 1413 mensis
301 1352 431 1413 Nisanis.

219 1483 394 1557 55.—Sane,
416 1484 478 1545 dies
499 1505 670 1565 azymorum
693 1484 899 1564 perdurabant
924 1505 1016 1565 usque
1036 1485 1076 1545 ad
1096 1485 1279 1563 vigesimum

178 1616 309 1694 primum
324 1616 402 1676 diem
418 1616 458 1676 ad
472 1636 635 1695 vesperam,
650 1615 710 1676 Ex.
727 1616 793 1694 (xii.
817 1616 878 1694 18.)
891 1639 898 1676 :
924 1617 1024 1676 Primo
1044 1636 1147 1688 mersae,
1162 1621 1281 1695 quarta-

179 1747 290 1807 decima
312 1747 360 1806 die
381 1749 486 1807 inaneis
507 1746 548 1806 od
571 1765 723 1825 semerom,
738 1747 885 1808 amedera
907 1769 1015 1827 azymo,
1028 1768 1117 1828 usqam
1138 1747 1179 1807 ud
1203 1748 1283 1808 dimo

177 1879 342 1955 uipeoimam
361 1879 488 1956 primam
510 1877 636 1956 paudere
656 1879 760 1938 menas
780 1877 821 1937 ad
840 1898 993 1956 vesperum.
1034 1877 1105 1938 Hoc
1119 1887 1163 1938 est
1176 1887 1280 1938 autem

117 2092 119 2095 Ι
178 2006 408 2085 intelligendum
429 2007 593 2067 neeessario
614 2006 651 2067 de
671 2006 779 2068 ultimo
801 2027 931 2086 vespere,
952 2007 984 2066 in
1009 2027 1069 2085 quo
1090 2005 1195 2068 finitur
1216 2007 1281 2067 dies

178 2136 340 2215 vigesimus
354 2136 484 2215 primus3
506 2156 576 2196 nam
599 2144 679 2196 totus
697 2135 752 2208 ille
773 2135 914 2197 disserat
929 2135 1121 2216 celeberrimu
1140 2145 1185 2197 set
1197 2156 1283 2197 sano·

178 2265 309 2326 tissimus
324 2265 393 2344 (loo.
415 2267 562 2344 eit.1,6.):
584 2266 657 2327 Dies
675 2269 778 2346 prima
798 2269 853 2327 erit
872 2274 972 2328 sonmo
992 2274 1077 2348 atque
1092 2268 1234 2341 subamara,
1257 2276 1283 2328 et

179 2395 240 2456 dieo
261 2397 381 2474 septima
401 2396 500 2457 eaden
513 2397 667 2476 festivitate
680 2398 859 2459 uenerabilis.
901 2397 985 2478 Ergo
998 2407 1109 2478 septem
1132 2398 1193 2458 dies
1211 2419 1281 2478 azy-

179 2546 296 2586 morum
310 2526 430 2586 initium
444 2525 602 2588 sumebant
616 2548 634 2588 a
647 2527 752 2606 primis
767 2528 895 2607 vesperis
910 2528 969 2588 diei
983 2528 1197 2608 decimiquinti.
1220 2529 1283 2590 Ast

180 2656 289 2716 festum
302 2655 444 2734 paschale
457 2656 501 2717 ite
516 2654 703 2735 jungebatur
716 2677 784 2716 oum
804 2657 901 2735 primo
916 2657 965 2717 die
985 2677 1167 2736 azymorum,
1182 2666 1217 2717 ut
1231 2657 1283 2718 hie

180 2806 249 2846 oum
270 2805 354 2846 eoena
375 2784 508 2865 paschali
529 2785 701 2858 inchoaret;
726 2795 938 2865 consequenter
965 2786 1174 2848 celebrabatur
1201 2787 1284 2848 inter

180 2934 318 2994 vesperas
332 2914 391 2973 diei
406 2912 496 2974 XIV.
511 2922 541 2974 et
554 2913 629 2986 XV.
671 2913 755 2994 Ergo
770 2914 863 2976 verba
877 2916 970 2976 citata
984 2915 1044 2977 Ex.
1059 2924 1089 2977 et
1103 2917 1193 2978 Deut.
1209 2929 1284 2980 sunt

179 3044 376 3123 intelligenda
390 3045 427 3104 de
440 3044 577 3105 secundis
591 3045 720 3123 vesperis
731 3045 791 3106 diei
805 3045 897 3108 XIV.
912 3046 1043 3110 Nisanis.
1065 3047 1284 3125 Confirmatur‚

180 3176 261 3256 quod
282 3175 320 3235 de
340 3196 424 3236 coena
451 3175 585 3254 paschali
613 3177 764 3250 asseritur,
784 3177 865 3238 hisoe
886 3178 986 3240 verbis
1013 3177 1139 3259 Josephi
1167 3179 1285 3257 Flavii,

64 3379 70 3391 ‚
180 3305 301 3385 (Antiq.
315 3304 389 3366 Jud.
404 3304 455 3365 lib.
470 3304 531 3366 III.
547 3326 612 3385 cap.
623 3328 653 3367 Χ.
669 3305 684 3378 ἓ
699 3308 759 3386 5.);
778 3309 889 3385 Πέμπτῃ
905 3313 989 3366 δὲκαὶ
1005 3314 1104 3387 δεκάτῃ
1121 3315 1283 3388 διαδέχεται

181 3443 229 3511 τὴν
253 3442 303 3491 τοῦ
327 3435 427 3511 Πάσχα
449 3440 464 3508 η’
490 3442 543 3491 τῶν
565 3436 694 3505 Ἀζύμων
720 3441 814 3512 ἑορτὴ,
834 3442 903 3494 ἑπτὰ
928 3444 1035 3513 ἡμέρας
1061 3437 1142 3514 οὖσα,
1166 3442 1227 3496 καθ’
1250 3447 1283 3516 ὴν

181 3567 301 3634 ἀζύμοις
315 3569 475 3639 τρέφονται,
489 3565 549 3626 De
562 3573 658 3626 autem
676 3567 890 3647 quitttndeeima
910 3568 1077 3629 Paaobalem
1091 3570 1195 3648 exeipit
1208 3571 1286 3650 Azy·

180 3716 293 3756 morum
305 3694 447 3773 festivitas
459 3702 562 3774 neptem
580 3695 702 3770 dierum,
711 3718 769 3774 per
789 3718 861 3779 quoa
875 3699 1006 3777 panibus
1026 3720 1086 3760 non
1098 3700 1286 3779 fermentatos

158 3842 160 3847 ’
181 3832 339 3887 veneantur.

223 3953 470 4028 56.-Praeterea‚
484 3955 614 4035 populus
638 3955 831 4033 Israelitieus,
847 3959 951 4020 eadem
976 3926 1146 4041 noctebua
1169 3965 1283 4043 paseha
