2932 4860
481 588 678 642 DISQUISITIO
698 589 984 633 cmflcoBlBach.

181 961 210 1021 h.
230 981 254 1022 e.
282 962 344 1041 ipso
368 963 450 1023 tertio
474 983 569 1033 αιιιιο,·
593 983 662 1025 nam
688 982 768 1024 anuo
793 961 902 1023 Hoseae
925 962 1052 1042 septimo
1076 960 1194 1022 obsedit
1216 980 1288 1021 eam

182 1090 271 1168 (vers.
283 1090 326 1165 9.)
342 1100 371 1151 et
382 1111 460 1151 nono
474 1111 553 1153 anno
567 1091 764 1172 expugnavit,
777 1102 810 1152 ut
825 1093 914 1169 (vers.
928 1091 973 1151 10.
988 1100 1018 1151 at
1028 1090 1094 1151 xvii
1105 1089 1148 1167 5.)
1160 1089 1288 1150 dieitur.

179 1220 243 1282 Jer.
256 1221 379 1299 (xxxiv.
392 1222 453 1300 14.)
462 1240 528 1287 outo
540 1239 604 1297 μιν
618 1240 689 1319 ppo,
698 1245 717 1282 o
723 1223 787 1302 fiae
799 1230 902 1301 septem
913 1243 1067 1296 danaum,
1081 1242 1132 1283 seu
1140 1227 1209 1301 post
1221 1242 1288 1300 sep

180 1357 234 1411 tem
245 1372 337 1412 αιιιιοιι
347 1353 464 1433 quisque
478 1352 638 1413 dimidiata
644 1353 770 1430 fratrem
783 1373 877 1426 eoam,
891 1359 949 1426 eta,
964 1351 1071 1412 LXX.
1084 1351 1183 1430 (xm.)
1196 1352 1287 1407 Ὅταν

181 1482 312 1557 πληρωθῇ
346 1480 378 1543 ἕξ
412 1482 469 1555 ἔτη.
517 1481 586 1560 Ipso
620 1502 698 1542 αιιιιο
732 1482 849 1559 septimo
882 1482 956 1540 servi
989 1487 1072 1541 erant
1106 1479 1300 1553 dimittendi„

180 1606 280 1669 Exod.
297 1608 375 1686 (xxi.
397 1610 439 1688 2.)
455 1610 546 1673 Deut.
563 1614 628 1689 (xv.
641 1611 713 1689 la).
749 1610 848 1690 Igitur
868 1610 1014 1674 inclusive
1034 1611 1092 1672 hoo
1112 1610 1286 1691 intelligen-

180 1739 271 1813 dum;
297 1740 410 1801 exactis
430 1761 483 1801 sex
504 1741 600 1814 annis,
621 1751 651 1802 et
670 1740 757 1802 initio
778 1740 906 1819 septimi,
927 1740 973 1802 uti
993 1741 1094 1801 statim
1116 1740 1285 1820 explicatio

179 1868 344 1948 subjicitur.
387 1869 424 1929 In
451 1868 491 1930 N.
520 1868 554 1931 T.
582 1868 694 1930 Matth.
724 1869 835 1948 (xxvii.
865 1870 917 1948 63)
949 1870 1026 1927 Μετὰ
1053 1880 1134 1944 τρεῖς
1162 1875 1299 1945 ἡμέρας,.

179 1998 248 2058 Post
275 2004 330 2058 tres
357 1998 418 2058 dies
437 2019 596 2078 resarpam,
610 1998 639 2059 h.
667 2018 692 2059 e.
708 1997 755 2059 die
769 2001 862 2073 tertio,
876 2009 911 2060 ut
925 2000 1015 2075 (vers.
1037 1998 1100 2076 64.)
1114 1997 1297 2078 explicatio⁴

87 2114 89 2118 ‘
179 2127 321 2206 sequitur.
362 2126 412 2187 sa
433 2127 514 2207 quoe
528 2126 624 2188 Mare.
641 2128 718 2206 (vio.
733 2127 796 2204 31.)
812 2105 1286 2206 ousstuseaamthraioaia

182 2259 260 2314 Μετὰ
282 2269 362 2334 τρεῖς
383 2263 491 2335 ἡμέρας
510 2264 669 2333 ἀναστῆναι,
678 2259 708 2318 id
724 2258 835 2320 Matth.
852 2259 929 2337 (xvi.
945 2258 1007 2337 21.)
1021 2258 1066 2319 ita
1079 2259 1283 2338 exprimitur:

184 2389 220 2461 Τῇ
245 2394 323 2466 τρίτῃ
350 2394 439 2465 ἡμέρᾳ
465 2393 618 2464 ἐγερθῆναι.
639 2388 706 2449 Alii
727 2393 798 2458 μετὰ
820 2399 899 2463 τρεῖς
914 2394 1022 2463 ἡμέρας
1042 2390 1087 2450 ita
1105 2389 1281 2468 explicant:

181 2521 224 2576 Ἐν
247 2525 335 2596 τρισὶν
356 2525 484 2595 ἡμέραις,
498 2521 547 2582 vel
563 2525 608 2577 διὰ
628 2527 711 2594 τριῶν
726 2526 845 2594 ἡμερῶν,
859 2520 908 2581 vel
923 2525 964 2584 εἰς
985 2525 1079 2594 τρίτην
1100 2524 1218 2594 ἡμέραν·
1252 2529 1282 2580 et

180 2660 214 2711 ut
235 2650 340 2712 Latini
360 2651 535 2729 loquuntur,
556 2653 637 2711 teatio
652 2657 719 2731 post
740 2651 788 2711 die
808 2651 856 2711 vel
871 2650 962 2712 tribas
976 2630 1165 2727 pos'dieba.
1208 2652 1295 2714 Huc‘

179 2780 313 2841 referunt
326 2780 415 2841 etiam
430 2780 507 2841 haec:
523 2779 598 2841 Luc.
615 2780 659 2858 (ii.
674 2780 737 2858 46.)
752 2780 793 2840 Et
799 2780 911 2859 sactum
925 2787 972 2854 est,
986 2780 1047 2849 μεθ’
1068 2785 1177 2855 ἡμέρας
1191 2791 1281 2856 τρεῖς,

173 2918 240 2989 post
264 2910 325 2970 dies
345 2917 401 2971 tres
419 2910 592 2971 invenerant
613 2912 708 2989 ι’ριιιιιι
722 2912 762 3005 ἰίι
782 2911 893 2989 templo,
914 2909 944 2971 h.
959 2931 983 2971 e.
998 2910 1046 2971 die
1059 2911 1151 2984 tertio,
1164 2920 1295 2991 postea·-

179 3061 269 3120 quam
285 3040 381 3102 redire
395 3050 548 3120 cooperunt
558 3041 597 3101 ad
609 3041 801 3120 quaerendum
812 3040 834 3102 J
835 3061 926 3102 esum.
947 3040 1081 3117 Quidam
1095 3041 1178 3102 huno
1192 3061 1279 3102 usum

179 3170 336 3250 partioulae
355 3175 436 3245 μετὰ,
451 3191 510 3250 quo
531 3173 612 3231 intro
625 3170 783 3250 significat,
798 3171 887 3232 etiam
909 3191 948 3230 ex
968 3171 1133 3251 prophanis
1153 3172 1282 3234 auotori-

179 3302 235 3364 bus
258 3311 375 3363 eruunt.
410 3301 579 3363 Homerus:
600 3303 654 3360 ’θᾰ
674 3326 703 3379 χ.
725 3309 894 3377 μνηστῆρσιν
916 3305 1080 3370 σεισάμενος
1100 3307 1173 3371 μετὰ
1189 3306 1280 3377 δαῖτα,
1307 3346 1320 3351 -

179 3432 208 3493 h.
223 3452 247 3492 e.
264 3437 290 3489 ἐν
310 3434 392 3504 δαιτὶ,
405 3451 455 3492 seu
469 3431 578 3499 μεταξὺ
594 3433 698 3504 δαιτὸς,
709 3440 763 3491 aut
778 3435 853 3505 παρὰ
867 3435 959 3505 δαῖτα,
970 3435 1047 3491 inter
1054 3430 1278 3509 prandendum,

179 3584 229 3624 seu
258 3565 292 3623 ιἰι
323 3561 461 3641 prandio.
504 3560 684 3639 Euripides:
721 3561 806 3637 Βακχ.
835 3565 869 3615 τὰ
897 3559 921 3615 o’
948 3563 1010 3635 ιερὰ
1039 3561 1144 3634 νύκτωρ
1172 3563 1189 3633 ἢ
1216 3558 1279 3629 μεθ’

179 3701 283 3773 ἡμέραν
323 3697 423 3769 τελεῖς,
452 3700 519 3774 post
553 3693 638 3768 dian,
666 3695 742 3754 inter
776 3693 857 3755 da'a.'’
912 3690 1017 3771 Usque
1049 3691 1109 3751 huo
1136 3689 1280 3752 laudatus

178 3823 321 3887 Glassiua
342 3822 487 3898 Tandem,
502 3834 536 3885 ut
556 3832 670 3885 taceam
692 3822 776 3896 alios,
790 3822 914 3884 Flauius
942 3822 1065 3902 loquens
1087 3822 1125 3882 de
1146 3821 1280 3884 Hebraea

177 3956 350 4036 loquutione
374 3970 423 4049 pp,
438 3953 481 4015 ait
503 3955 600 4029 (Part.
616 3956 642 4015 1.
660 3953 737 4015 clav.
759 3953 860 4030 931.):
882 3952 1100 4014 “Obseruando
1123 3962 1169 4014 est
1196 3973 1278 4014 aum-

177 4086 282 4167 primis
305 4084 438 4146 Hebraea
464 4084 632 4164 praepositio
661 4100 721 4179 ppo
751 4105 769 4143 a
786 4085 857 4163 fiae,
885 4103 1039 4161 quaecum
1069 4082 1160 4143 etiam
1184 4083 1304 4163 magia·
