2932 4860
502 567 698 621 DISQUISITIO
718 567 1002 611 cumcossnsmcn.

157 1049 161 1055 Ι
201 1090 314 1129 nexum
335 1069 414 1129 inter
433 1070 649 1149 propositiones
670 1091 689 1130 a
709 1069 746 1130 cl.
764 1069 935 1131 adversario
957 1070 1088 1150 objectas
1107 1069 1304 1142 existentem

200 1199 252 1260 sed
266 1200 382 1279 majora
395 1220 489 1278 quum
511 1209 659 1279 premant,
673 1199 733 1259 illis
756 1199 896 1260 omnibus
918 1200 1022 1274 missis,
1037 1200 1081 1261 ita
1102 1199 1249 1279 impugno
1263 1200 1306 1280 ip·

201 1351 267 1391 sum
287 1292 507 1410 argumentum.
549 1329 658 1390 Phrasi
680 1332 765 1390 tertio
788 1330 837 1390 die
858 1331 971 1411 triplici
994 1330 1109 1411 objecto
1126 1300 1198 1393 ¹loco
1223 1333 1307 1394 venit

201 1469 319 1539 tempus
339 1460 452 1539 quoda
467 1468 562 1519 morte
578 1460 617 1519 ad
639 1460 882 1520 resurrectionem
905 1459 1004 1534 fluxit,
1018 1481 1116 1539 neque
1136 1481 1172 1521 ea
1192 1460 1303 1539 signifi-

202 1602 310 1654 cantur
334 1602 394 1652 tres
410 1591 517 1670 integri
541 1591 612 1651 dies.
654 1590 738 1670 Ergo
760 1591 857 1651 tribus
877 1591 1054 1652 testimoniis
1075 1590 1187 1652 adlatis
1209 1591 1307 1652 neuti-

202 1742 292 1800 quam
318 1719 464 1800 probatur
488 1719 641 1780 Christum
667 1719 988 1798 septuaginta-duabus
1009 1719 1089 1781 horis
1112 1721 1255 1782 mansisse
1276 1722 1306 1782 in

201 1849 347 1929 sepulcro.
389 1849 543 1928 Siquidem
565 1870 635 1910 sane
656 1851 741 1909 tertia
762 1850 810 1910 dic
827 1851 1014 1911 referendum
1030 1861 1105 1912 esset
1125 1852 1166 1912 ad
1186 1863 1308 1934 tempus

202 1979 373 2058 sepulturae,
388 2000 483 2057 neque
497 1979 568 2038 inde
588 1989 768 2057 sequeretur,
783 1979 839 2039 hoc
861 1991 978 2058 tempus
992 1980 1082 2040 fuisse
1102 1982 1309 2061 septuaginta·

113 2121 115 2124 '
204 2111 333 2170 duarum
348 2110 500 2170 horarum.
543 2108 613 2169 Hoc
627 2109 706 2169 enirn
728 2119 800 2169 tunc
817 2109 914 2169 solum
935 2109 1096 2170 dicendum
1110 2109 1197 2183 foret,
1211 2131 1305 2188 quum

202 2242 320 2322 phrasis
335 2241 478 2320 praedicta
489 2239 670 2319 significaret
683 2239 777 2319 (quod
792 2240 915 2299 minime
928 2240 1063 2319 gentium
1077 2239 1146 2316 est),
1157 2249 1218 2301 tres
1231 2240 1308 2301 inte·

202 2394 271 2452 gros
293 2373 364 2432 dies.
406 2371 523 2432 Verum
538 2392 630 2451 quum
650 2378 680 2431 et
700 2369 778 2429 illud
798 2370 837 2430 sit
857 2371 968 2449 oppido
989 2371 1109 2444 falsum,
1121 2391 1215 2451 quare
1229 2381 1306 2433 esset

160 2463 166 2474 ι
203 2503 279 2563 mihi
304 2503 480 2581 patiendum
503 2499 688 2578 imprudenti
711 2499 831 2559 silentio
853 2498 884 2558 id
899 2499 996 2560 videri
1017 2499 1188 2560 affirmare?
1230 2499 1305 2560 Pro-

203 2652 305 2711 pugno
326 2631 428 2709 itaque
446 2630 588 2709 primum,
609 2627 712 2706 phrasi
737 2628 822 2686 tertia
834 2626 891 2687 'die
912 2627 943 2686 in
968 2627 1040 2687 locis
1061 2627 1160 2688 citatis
1184 2637 1305 2689 tantum

202 2762 280 2822 illud
294 2759 397 2823 venire
410 2769 536 2839 tempus,
551 2759 631 2837 quod
646 2778 665 2818 a
685 2767 781 2818 morte
801 2757 840 2818 ad
855 2758 1098 2818 resurrectionem
1113 2778 1145 2817 se
1158 2758 1308 2819 extendit.

245 2889 466 2962 35.-Etenim‚
477 2887 594 2967 phrasis
616 2889 700 2946 tertia
722 2885 770 2946 die
793 2886 903 2947 adlatis
925 2885 998 2946 locis
1020 2886 1213 2965 conjungitur
1235 2908 1303 2947 cum

203 3020 302 3083 verbis
316 3039 464 3096 resumere
485 3026 515 3078 et
532 2992 677 3087 meritare,
691 3017 749 3077 sic:
780 2985 881 3076 Tertio
903 3016 951 3076 die
974 3019 1309 3094 reserpere-mnodum

201 3150 287 3210 tertia
308 3147 553 3207 die—resurrexit
574 3147 657 3204 tertia
679 3144 745 3214 ἀίω·
767 3154 980 3222 consequenter
1000 3155 1034 3205 ut
1055 3147 1138 3204 tertia
1160 3145 1209 3206 dic
1230 3146 1307 3208 desi·

202 3288 310 3359 gnaret
330 3288 447 3355 tempus
467 3275 636 3354 sepulturae,
652 3274 745 3335 verba
759 3284 923 3335 memorata
937 3286 1033 3335 essent
1046 3275 1254 3352 intelligenda,
1268 3287 1303 3337 ut

203 3410 286 3470 dicta
304 3409 336 3466 in
351 3407 454 3468 ordine
475 3405 515 3466 ad
535 3405 715 3484 sepulcrum,
736 3405 793 3465 hoc
815 3405 922 3465 modo:
945 3405 1033 3465 tertia
1047 3404 1096 3463 die
1117 3426 1135 3463 a
1155 3407 1305 3484 sepultura

203 3537 375 3599 resurrexit.
416 3535 543 3607 Verum,
566 3535 659 3595 verba
679 3555 837 3612 reserpere,
848 3555 965 3612 surpere
986 3546 1016 3594 et
1035 3535 1181 3607 auctiore,
1200 3533 1305 3596 Graece

205 3673 304 3744 ἐγείρω
316 3677 347 3727 et
358 3672 483 3740 ἀνίστημι
495 3667 527 3724 in
537 3686 673 3726 sermone
683 3664 805 3737 biblico,
815 3685 969 3745 nunqnam
985 3665 1168 3726 adhibentur
1182 3665 1215 3726 in
1227 3669 1305 3728 ordi·

203 3819 241 3858 ne
252 3797 291 3858 ad
306 3796 485 3875 sepulcrum,
496 3796 548 3856 sed
562 3796 658 3855 solum
673 3796 704 3854 in
716 3795 820 3855 ordine
834 3795 874 3855 ad
888 3806 1023 3869 mortem,
1034 3795 1093 3856 sic:
1115 3799 1273 3858 resurrecti
1286 3820 1304 3858 a

202 3933 299 4000 oreste,
313 3926 457 3986 ncommod
471 3946 536 3985 auor
550 3946 569 3984 a
582 3932 678 3985 morte.
694 3924 778 4004 Ergo
787 3925 904 4004 phrasis
915 3928 999 3986 tertio
1010 3925 1066 3999 die,
1081 3946 1142 4005 qua
1152 3927 1306 3990 indicatur
