2932 4860
153 137 209 199 161
453 156 649 210 orsoursmro
669 155 953 200 commemores.

678 529 722 592 H.

182 751 358 856 v'Id—rcum
374 792 438 873 jum
453 802 607 855 teneamus
623 792 775 854 Christum
792 802 942 855 mortuum
964 813 1025 855 esse
1038 814 1087 855 an.
1101 813 1151 855 ser.
1164 792 1256 874 vulg.

151 922 209 994 29,
220 922 258 983 de
268 922 317 983 die
324 922 520 1007 hebdomadae
531 924 611 1003 (quae
621 922 717 983 altera
727 922 881 1003 positionis
890 932 998 985 nostrae
1008 943 1077 1004 pars
1088 923 1147 1000 est)
1162 923 1253 986 nulla

150 1052 300 1115 dubitatio
313 1072 374 1114 esso
388 1053 506 1132 poterit,
520 1053 573 1113 ubi
587 1062 775 1132 perspectum
791 1051 949 1127 habeatur,
964 1073 1032 1114 oum
1053 1073 1114 1133 quo
1134 1051 1186 1114 die
1199 1071 1254 1118 uo·

149 1190 278 1242 strorum
293 1180 449 1256 mensium,
460 1181 523 1243 dies
536 1181 792 1262 decimusquintus
802 1182 833 1242 N
834 1182 925 1244 isonis
938 1182 992 1244 illo
1005 1203 1086 1244 anno
1096 1181 1254 1244 confluxe·

150 1311 198 1372 rit.
219 1310 342 1371 Etenim
357 1321 482 1386 constat,
497 1311 520 1374 J
520 1312 618 1373 udaeos
632 1312 671 1373 ad
687 1332 756 1374 suos
769 1333 863 1374 annos
876 1312 1062 1392 digerendos,
1076 1333 1145 1374 usos
1157 1312 1255 1375 fuisse

150 1440 232 1516 luna,
246 1441 290 1502 ita
314 1450 348 1502 ut
372 1441 487 1521 primus
510 1442 573 1504 dies
598 1443 705 1504 mensis
729 1443 754 1505 is
777 1451 860 1516 esset,
877 1443 909 1503 in
933 1463 1022 1523 quem
1046 1442 1145 1522 prima
1163 1399 1254 1504 'lunae

151 1577 238 1646 φάσις
265 1571 417 1633 incideret.
459 1571 505 1634 cf.
539 1571 668 1634 Bucher.
699 1572 762 1651 (De
788 1573 881 1636 doctr.
915 1582 1006 1652 temp.
1035 1571 1083 1634 Do
1114 1571 1252 1654 paschali

149 1699 281 1763 Judseor.
303 1701 395 1782 cyolo.
417 1722 481 1782 cap.
504 1701 571 1780 iii),
586 1702 691 1765 Petav.
714 1702 833 1782 (Doctr.
848 1710 938 1782 temp.
955 1701 1007 1763 lib.
1029 1701 1069 1764 iv.
1090 1722 1156 1782 oap.
1175 1702 1253 1780 21),

149 1829 277 1892 Auem.
292 1806 359 1910 (m.
374 1831 404 1893 o.
420 1852 460 1892 ω.
475 1833 503 1892 4.
519 1831 572 1910 s),
586 1831 703 1893 naor.
719 1832 786 1910 (ou.
801 1831 842 1893 m.
863 1853 913 1894 vv.
928 1833 996 1894 su.
1011 1832 1089 1906 sis,
1104 1830 1172 1893 0011.
1188 1833 1251 1894 sm

148 1963 282 2041 —852.),
304 1963 352 2024 De
366 1984 398 2024 re
418 1961 504 2024 Rust.
528 1963 594 2043 (lib.
616 1964 658 2025 ix.
679 1984 744 2041 eap.
766 1964 823 2038 14,
844 1963 897 2026 lib.
918 1964 960 2026 xi.
982 1983 1047 2043 esp.
1064 1962 1118 2039 2.),
1131 1961 1251 2025 Graevii

148 2092 235 2154 rus.
252 2094 358 2173 (antiq.
372 2092 460 2155 som.
475 2093 495 2154 1.
509 2092 582 2167 vot,
597 2092 663 2154 0011.
687 2093 733 2154 19.
747 2093 852 2173 seqq-t
892 2091 964 2155 Jam
986 2112 1066 2167 vero,
1081 2112 1119 2153 ex
1133 2091 1251 2154 abula

148 2221 332 2301 Largeteaui
345 2222 385 2283 ad
400 2221 549 2283 caleulum
561 2179 768 2302 Syzygidrum,
779 2222 975 2283 interlunium
986 2220 1128 2302 paschale
1137 2241 1187 2283 an.
1199 2242 1251 2284 aer.

148 2352 230 2431 vulg.
246 2351 294 2414 29.
308 2351 431 2414 Parisiis
444 2352 504 2413 fuit
517 2354 544 2413 4.
560 2353 676 2427 Martii,
689 2355 704 2413 1
721 2353 805 2425 hors,
820 2351 849 2413 4'
864 2374 890 2414 a.
905 2373 944 2414 m.
959 2352 1034 2414 feria
1047 2361 1141 2414 sexta.
1163 2351 1253 2432 Ergo

147 2479 343 2560 ierosolymis
364 2479 423 2541 fuit
444 2481 472 2541 4.
495 2479 645 2554 Martiis
667 2480 743 2541 hora
766 2480 814 2541 15'
829 2501 856 2542 a.
871 2501 919 2556 m,
933 2480 1009 2542 feria
1026 2490 1121 2542 sexta.
1143 2479 1252 2544 Distat

147 2613 227 2672 enim
242 2611 441 2673 meridianum
455 2610 742 2691 «ierosolymitanum
757 2631 777 2672 a
790 2611 950 2672 Parisiensi
964 2611 1108 2691 gradibus
1124 2612 1180 2672 320
1198 2612 1252 2674 51'

148 2739 207 2802 15¹²
222 2738 269 2814 E,
283 2740 365 2802 boris
375 2760 446 2802 vero
463 2747 495 2810 4-
515 2739 546 2797 2¹¹
561 2739 607 2801 11'
624 2739 691 2801 nd'.
719 2739 778 2801 Sed
799 2739 1021 2818 decimoquinto
1035 2740 1098 2800 dies
1119 2740 1150 2799 in
1165 2761 1257 2801 eum·

147 2871 215 2933 dem
230 2871 309 2932 diem
331 2869 527 2932 hebdomadis
547 2869 662 2944 incidit,
676 2891 766 2950 quam
786 2870 886 2950 prima
905 2870 969 2932 dies
990 2870 1105 2931 mensis.
1146 2869 1251 2950 Igitur

147 3020 227 3063 anno
240 3021 299 3081 quo
313 3000 450 3063 Christus
471 3009 605 3062 mortuus
625 3010 678 3075 est,
692 3001 791 3081 prima
811 3000 873 3062 dies
893 3001 1080 3081 Azymorum
1097 3000 1157 3060 fuit
1170 3000 1249 3062 feria

152 3140 233 3192 exta.
273 3130 319 3193 cf.
341 3101 521 3209 Lsrgeteuu.
534 3129 767 3208 (Gonnaissance
780 3129 831 3191 des
845 3139 941 3210 temps
954 3150 1030 3209 pour
1045 3129 1124 3190 1846
1137 3128 1242 3190 Addi-

147 3261 249 3338 tions).
