2932 4860
479 588 675 642 DISQUISITIO
695 587 980 632 carneo-BIBLICA.

179 1094 217 1154 ad
233 1094 260 1154 9.
283 1093 398 1173 reliqua
419 1091 521 1154 loca?''
533 1093 616 1154 dico:
645 1093 689 1154 ita
703 1093 929 1174 fecerunt,quia
948 1095 1078 1156 rationes
1098 1094 1223 1185 fuerunt
1245 1115 1285 1156 ne

179 1224 267 1284 aliter
286 1232 416 1302 agerent.
438 1213 611 1301 Utrumque
624 1231 668 1282 est
688 1222 887 1302 probandum,
902 1223 981 1302 qnod
1003 1223 1081 1284 facio
1100 1223 1285 1302 exponendo

179 1354 262 1432 prius
282 1353 451 1413 doctrinam
471 1351 643 1413 Semiticam
664 1352 702 1413 de
721 1353 842 1413 nomine
861 1352 1027 1426 Sabbatum,
1042 1374 1133 1433 quam
1155 1354 1285 1414 desumo

178 1482 327 1560 integram
341 1480 381 1541 ab
395 1480 533 1542 Adriano
548 1481 694 1542 Relando.
707 1480 813 1561 Antiq.
828 1481 927 1543 Sacrae
939 1483 1029 1561 (part.
1044 1482 1084 1544 iv.
1100 1503 1165 1562 cap.
1181 1483 1265 1561 viii.)
1279 1506 1285 1543 :

178 1611 325 1672 “Sabbati
339 1630 447 1670 nomen
462 1611 493 1670 in
507 1630 592 1671 sacro
607 1610 708 1671 codice
722 1631 936 1691 nonnunquam
952 1611 1051 1685 latius,
1062 1632 1284 1688 nonnunquam

180 1743 277 1804 minus
292 1742 352 1802 late
366 1741 511 1813 sumitur;
533 1749 562 1801 et
582 1749 689 1820 praeter
711 1741 789 1801 diem
810 1742 970 1821 septimum
991 1741 1196 1814 hebdomadis,
1212 1742 1285 1802 aliis

179 1871 284 1931 diebus
305 1870 386 1930 festis
401 1868 553 1941 tribuitur,
568 1869 643 1944 Lev‚
660 1869 747 1945 (xxv.
763 1871 800 1944 4.,
812 1870 898 1931 xxiii.
911 1870 973 1949 32.)
989 1879 1019 1931 et
1032 1870 1155 1948 integris
1168 1870 1286 1930 hebdo-

179 2002 326 2074 madibus
341 2001 416 2061 Luc.
433 1999 532 2078 (xviii.
548 2000 628 2076 12.);
649 2000 726 2060 illud
741 2021 812 2062 vero
827 2001 901 2064 Lev.
918 2001 1019 2080 (xxiii.
1041 2001 1103 2077 16.)
1118 2000 1285 2061 hebdoma-

179 2133 249 2192 dam
264 2140 368 2191 notare
381 2130 505 2208 quidam
524 2131 707 2192 existimant.
749 2131 837 2193 Certe
856 2141 951 2193 totam
972 2131 1192 2193 hebdomodam
1216 2149 1284 2196 niu

179 2262 201 2324 J
203 2262 278 2322 udaei
293 2270 470 2340 nuncupant
489 2261 520 2320 in
541 2261 701 2323 Ketuvoth
720 2262 753 2336 (i.
770 2263 811 2341 1.)
828 2262 952 2342 perinde
965 2284 1001 2324 ao
1020 2280 1111 2338 pum:
1132 2273 1225 2342 atque
1238 2263 1285 2324 ita

180 2395 303 2463 ἕβδυμας
324 2412 379 2472 pro
393 2390 526 2451 Sabbato
547 2390 694 2470 accipitur
708 2392 735 2452 2.
751 2390 848 2453 Maec.
865 2392 919 2471 (vi.
943 2392 1015 2470 11.).
1057 2391 1120 2452 Hic
1140 2411 1213 2452 vero
1228 2412 1285 2470 per

178 2522 336 2583 Sabbatum
356 2521 433 2580 diem
456 2520 614 2599 septimum
636 2520 832 2581 hebdomadis
851 2521 1048 2600 intelligimus
1067 2521 1160 2601 quieti
1174 2530 1205 2582 et
1219 2521 1285 2582 cul-

179 2654 224 2715 tui
246 2652 349 2715 divino
369 2651 515 2729 singulari
536 2652 652 2713 ratione
676 2662 889 2726 consecratum,
904 2652 956 2731 qui
977 2669 1063 2716 nrum
1079 2670 1116 2715 ur
1138 2661 1168 2713 et
1189 2656 1284 2727 ἡμέρα

180 2792 230 2841 τοῦ
257 2787 403 2854 σαββάτου
428 2783 561 2862 opposite
585 2783 624 2842 ad
648 2798 759 2856 nuncu
773 2801 812 2844 ’n’
826 2799 906 2855 unu,
920 2803 968 2842 sec
992 2782 1053 2843 dies
1077 2802 1204 2860 operum,
1219 2789 1281 2856 etr>

181 2923 234 2971 τῶν
250 2917 398 2984 σαββάτων
420 2917 504 2987 ἑορτὴ
526 2911 692 2972 Plutarcho
715 2912 781 2990 (lib.
796 2911 837 2973 iv.
853 2912 966 2986 Sorte),
988 2916 1078 2986 ἡμέρα
1100 2919 1153 2967 τῶν
1175 2914 1285 2981 σαββά-

181 3069 244 3118 των,
268 3046 294 3104 1.
317 3043 413 3103 Macc.
438 3041 482 3119 (ii.
506 3042 553 3102 32.
582 3042 640 3113 41„
654 3042 696 3102 ix.
719 3041 781 3119 34.)
804 3041 922 3114 dicitur,
938 3041 983 3101 uti
1004 3051 1033 3102 et
1054 3061 1073 3101 a
1092 3039 1220 3102 Juliano
1241 3061 1284 3100 ex
1308 3086 1311 3093 .

180 3177 315 3238 versione
329 3173 435 3235 Graeca
449 3173 489 3234 V.
505 3172 538 3233 T.
580 3172 661 3233 Vide
675 3171 781 3251 Cyrill.
796 3193 820 3233 c.
834 3172 951 3234 Julian.
969 3173 1035 3251 (lib.
1050 3172 1103 3250 v.).
1135 3172 1286 3251 Appella-

180 3313 232 3364 tur
246 3303 324 3363 idem
340 3302 391 3362 ille
405 3300 467 3361 dies
483 3315 576 3387 prinu,
591 3300 671 3380 quod
685 3301 781 3361 tribus
800 3300 924 3362 diversis
938 3300 1034 3361 modis
1054 3301 1122 3362 voci
1136 3314 1200 3360 niu
1215 3321 1287 3362 con-

175 3438 314 3515 junctum
330 3434 441 3512 legitur
456 3432 514 3493 Ex.
531 3433 608 3510 (xvi.
631 3431 711 3510 23.):
734 3448 795 3530 unp
810 3450 872 3496 mu
887 3450 991 3520 ptum
1012 3432 1076 3493 ibid
1093 3433 1184 3511 (xxxi
1201 3433 1287 3511 15.):

181 3583 241 3663 unp
257 3581 340 3654 prun
354 3582 435 3637 κω
458 3562 522 3622 ibid
538 3566 649 3640 (xxxv.
665 3562 728 3638 2.):
751 3579 834 3651 pum
848 3579 911 3625 niu
925 3579 995 3660 unp.
1036 3563 1068 3622 N
1069 3584 1102 3624 eo
1122 3573 1223 3624 tamen
1246 3566 1288 3627 de

181 3695 243 3755 solo
257 3693 390 3755 Sabbato
405 3693 468 3753 haee
482 3713 544 3753 vox
566 3708 649 3781 putu
665 3701 836 3770 usurpatur,
850 3691 901 3752 sed
922 3702 952 3752 et
966 3692 1003 3752 de
1023 3691 1072 3752 die
1092 3691 1288 3772 expiationis,

182 3824 255 3884 LeV.
272 3822 349 3896 (xvi.
365 3821 437 3900 31.)‚
452 3822 549 3900 primo
564 3830 594 3882 et
608 3831 714 3883 octavo
733 3820 799 3882 festi
813 3820 1074 3882 tabernaculorum
1091 3822 1177 3901 (ibid.
1192 3823 1288 3886 xxiii.

183 3952 245 4031 24)
261 3962 290 4012 et
304 3972 383 4012 anno
397 3950 559 4011 Sabbatico
576 3950 654 4029 (ibid
668 3972 743 4013 xxv.
758 3949 810 4028 4,).
852 3950 999 4030 Adeoque
1012 3950 1104 4012 nullis
1119 3952 1186 4012 aliis
1201 3953 1289 4016 festis
