<?xml version="1.0" encoding="UTF-8"?>
<!DOCTYPE html PUBLIC "-//W3C//DTD XHTML 1.0 Transitional//EN"
    "http://www.w3.org/TR/xhtml1/DTD/xhtml1-transitional.dtd">
<html xmlns="http://www.w3.org/1999/xhtml" xml:lang="en" lang="en">
 <head>
  <title>
</title>
<meta http-equiv="Content-Type" content="text/html;charset=utf-8" />
  <meta name='ocr-system' content='tesseract 3.04.00' />
  <meta name='ocr-capabilities' content='ocr_page ocr_carea ocr_par ocr_line ocrx_word'/>
</head>
<body>
  <div class='ocr_page' id='page_1' title='image "./disquisitiocrit00jovigoog_0137.png"; bbox 0 0 2932 4860; ppageno 0'>
   <div class='ocr_carea' id='block_1_1' title="bbox 187 551 1064 623">
    <p class='ocr_par' dir='ltr' id='par_1_1' title="bbox 187 551 1064 623">
     <span class='ocr_line' id='line_1_1' title="bbox 187 551 1064 623; baseline 0.005 -12"><span class='ocrx_word' id='word_1_1' title='bbox 187 551 245 611; x_wconf 88' lang='lat'>103</span> <span class='ocrx_word' id='word_1_2' title='bbox 488 569 686 623; x_wconf 77' lang='lat' dir='ltr'>nrsomsmo</span> <span class='ocrx_word' id='word_1_3' title='bbox 705 569 991 615; x_wconf 76' lang='lat' dir='ltr'>cnrrrcosrsmcs.</span> <span class='ocrx_word' id='word_1_4' title='bbox 1060 552 1064 559; x_wconf 88' lang='lat'>&#39;</span> 
     </span>
    </p>
   </div>
   <div class='ocr_carea' id='block_1_2' title="bbox 1043 766 1049 797">
    <p class='ocr_par' dir='ltr' id='par_1_2' title="bbox 1043 766 1049 797">
     <span class='ocr_line' id='line_1_2' title="bbox 1043 766 1049 797; baseline 0 0"><span class='ocrx_word' id='word_1_5' title='bbox 1043 766 1049 797; x_wconf 88' lang='lat' dir='ltr'>l</span> 
     </span>
    </p>
   </div>
   <div class='ocr_carea' id='block_1_3' title="bbox 182 942 1289 1806">
    <p class='ocr_par' dir='ltr' id='par_1_3' title="bbox 182 942 1289 1806">
     <span class='ocr_line' id='line_1_3' title="bbox 186 942 1289 1024; baseline -0.003 -19"><span class='ocrx_word' id='word_1_6' title='bbox 186 944 353 1024; x_wconf 79' lang='lat' dir='ltr'>terrogavit</span> <span class='ocrx_word' id='word_1_7' title='bbox 373 963 441 1004; x_wconf 89' lang='lat' dir='ltr'>eum</span> <span class='ocrx_word' id='word_1_8' title='bbox 463 963 576 1022; x_wconf 78' lang='lat' dir='ltr'>praeses,</span> <span class='ocrx_word' id='word_1_9' title='bbox 591 943 708 1005; x_wconf 90' lang='lat' dir='ltr'>dicens:</span> <span class='ocrx_word' id='word_1_10' title='bbox 729 942 777 1004; x_wconf 86' lang='lat' dir='ltr'>Tu</span> <span class='ocrx_word' id='word_1_11' title='bbox 797 964 827 1005; x_wconf 62' lang='grc' dir='ltr'>ω</span> <span class='ocrx_word' id='word_1_12' title='bbox 848 963 903 1006; x_wconf 85' lang='lat' dir='ltr'>rex</span> <span class='ocrx_word' id='word_1_13' title='bbox 923 943 1122 1007; x_wconf 80' lang='lat' dir='ltr'>Judaecrnm?</span> <span class='ocrx_word' id='word_1_14' title='bbox 1143 943 1230 1005; x_wconf 81' lang='lat' dir='ltr'><strong>Dicit</strong></span> <span class='ocrx_word' id='word_1_15' title='bbox 1244 942 1289 1002; x_wconf 94' lang='lat' dir='ltr'>illi</span> 
     </span>
     <span class='ocr_line' id='line_1_4' title="bbox 185 1072 1286 1154; baseline -0.004 -18"><span class='ocrx_word' id='word_1_16' title='bbox 185 1072 292 1136; x_wconf 82' lang='lat' dir='ltr'>Jesus:</span> <span class='ocrx_word' id='word_1_17' title='bbox 314 1072 361 1134; x_wconf 85' lang='lat' dir='ltr'>Tu</span> <span class='ocrx_word' id='word_1_18' title='bbox 375 1072 458 1133; x_wconf 89' lang='lat' dir='ltr'>dicis.</span> <span class='ocrx_word' id='word_1_19' title='bbox 499 1072 632 1134; x_wconf 89' lang='lat' dir='ltr'>Etcum</span> <span class='ocrx_word' id='word_1_20' title='bbox 653 1082 844 1135; x_wconf 80' lang='lat' dir='ltr'>accusaretur</span> <span class='ocrx_word' id='word_1_21' title='bbox 858 1095 877 1135; x_wconf 88' lang='lat' dir='ltr'>a</span> <span class='ocrx_word' id='word_1_22' title='bbox 890 1073 1076 1154; x_wconf 89' lang='lat' dir='ltr'>principibus</span> <span class='ocrx_word' id='word_1_23' title='bbox 1096 1073 1286 1135; x_wconf 75' lang='lat' dir='ltr'><strong>sacerdotum</strong></span> 
     </span>
     <span class='ocr_line' id='line_1_5' title="bbox 184 1200 1289 1282; baseline -0.002 -18"><span class='ocrx_word' id='word_1_24' title='bbox 184 1212 215 1264; x_wconf 86' lang='lat' dir='ltr'>et</span> <span class='ocrx_word' id='word_1_25' title='bbox 228 1201 402 1276; x_wconf 89' lang='lat' dir='ltr'>senioribus,</span> <span class='ocrx_word' id='word_1_26' title='bbox 416 1200 493 1262; x_wconf 91' lang='lat' dir='ltr'>nihil</span> <span class='ocrx_word' id='word_1_27' title='bbox 508 1201 668 1282; x_wconf 74' lang='lat' dir='ltr'><strong>respondit.</strong></span> <span class='ocrx_word' id='word_1_28' title='bbox 710 1201 796 1263; x_wconf 80' lang='lat' dir='ltr'>Tunc</span> <span class='ocrx_word' id='word_1_29' title='bbox 810 1202 883 1264; x_wconf 88' lang='lat' dir='ltr'>dicit</span> <span class='ocrx_word' id='word_1_30' title='bbox 897 1203 944 1264; x_wconf 93' lang='lat' dir='ltr'>illi</span> <span class='ocrx_word' id='word_1_31' title='bbox 958 1203 1093 1264; x_wconf 83' lang='lat' dir='ltr'><strong>Pilatus:</strong></span> <span class='ocrx_word' id='word_1_32' title='bbox 1114 1202 1187 1263; x_wconf 87' lang='lat' dir='ltr'>Non</span> <span class='ocrx_word' id='word_1_33' title='bbox 1202 1203 1289 1263; x_wconf 90' lang='lat' dir='ltr'>audis</span> 
     </span>
     <span class='ocr_line' id='line_1_6' title="bbox 184 1333 1285 1414; baseline 0 -22"><span class='ocrx_word' id='word_1_34' title='bbox 184 1343 299 1414; x_wconf 89' lang='lat' dir='ltr'>quauta</span> <span class='ocrx_word' id='word_1_35' title='bbox 312 1333 472 1394; x_wconf 88' lang='lat' dir='ltr'>adversum</span> <span class='ocrx_word' id='word_1_36' title='bbox 486 1342 516 1394; x_wconf 88' lang='lat' dir='ltr'>te</span> <span class='ocrx_word' id='word_1_37' title='bbox 530 1333 635 1394; x_wconf 91' lang='lat' dir='ltr'>dicunt</span> <span class='ocrx_word' id='word_1_38' title='bbox 648 1333 840 1395; x_wconf 86' lang='lat' dir='ltr'>testimonia?</span> <span class='ocrx_word' id='word_1_39' title='bbox 882 1334 925 1394; x_wconf 87' lang='lat' dir='ltr'>Et</span> <span class='ocrx_word' id='word_1_40' title='bbox 944 1355 1005 1395; x_wconf 95' lang='lat' dir='ltr'>non</span> <span class='ocrx_word' id='word_1_41' title='bbox 1026 1333 1180 1414; x_wconf 80' lang='lat' dir='ltr'>respondit</span> <span class='ocrx_word' id='word_1_42' title='bbox 1198 1333 1225 1394; x_wconf 92' lang='lat' dir='ltr'>ei</span> <span class='ocrx_word' id='word_1_43' title='bbox 1249 1333 1285 1394; x_wconf 91' lang='lat' dir='ltr'>ad</span> 
     </span>
     <span class='ocr_line' id='line_1_7' title="bbox 183 1462 1285 1542; baseline 0.001 -20"><span class='ocrx_word' id='word_1_44' title='bbox 183 1462 281 1524; x_wconf 91' lang='lat' dir='ltr'>ullum</span> <span class='ocrx_word' id='word_1_45' title='bbox 304 1462 440 1535; x_wconf 89' lang='lat' dir='ltr'>verbum,</span> <span class='ocrx_word' id='word_1_46' title='bbox 461 1463 505 1530; x_wconf 86' lang='lat' dir='ltr'>ita</span> <span class='ocrx_word' id='word_1_47' title='bbox 520 1472 555 1524; x_wconf 91' lang='lat' dir='ltr'>ut</span> <span class='ocrx_word' id='word_1_48' title='bbox 575 1463 737 1525; x_wconf 88' lang='lat' dir='ltr'>miraretur</span> <span class='ocrx_word' id='word_1_49' title='bbox 756 1484 862 1542; x_wconf 80' lang='lat' dir='ltr'>praeses</span> <span class='ocrx_word' id='word_1_50' title='bbox 884 1464 1083 1526; x_wconf 86' lang='lat' dir='ltr'>vehementer.</span> <span class='ocrx_word' id='word_1_51' title='bbox 1125 1464 1185 1525; x_wconf 89' lang='lat' dir='ltr'>Per</span> <span class='ocrx_word' id='word_1_52' title='bbox 1206 1462 1285 1524; x_wconf 91' lang='lat' dir='ltr'>diem</span> 
     </span>
     <span class='ocr_line' id='line_1_8' title="bbox 183 1592 1288 1672; baseline -0.003 -18"><span class='ocrx_word' id='word_1_53' title='bbox 183 1603 283 1655; x_wconf 84' lang='lat' dir='ltr'>autem</span> <span class='ocrx_word' id='word_1_54' title='bbox 298 1592 459 1654; x_wconf 88' lang='lat' dir='ltr'>solemnem</span> <span class='ocrx_word' id='word_1_55' title='bbox 473 1602 668 1655; x_wconf 89' lang='lat' dir='ltr'>consueverat</span> <span class='ocrx_word' id='word_1_56' title='bbox 681 1613 787 1672; x_wconf 84' lang='lat' dir='ltr'>praeses</span> <span class='ocrx_word' id='word_1_57' title='bbox 800 1593 912 1672; x_wconf 92' lang='lat' dir='ltr'>populo</span> <span class='ocrx_word' id='word_1_58' title='bbox 933 1594 1085 1655; x_wconf 75' lang='lat' dir='ltr'>dimittere</span> <span class='ocrx_word' id='word_1_59' title='bbox 1105 1613 1201 1653; x_wconf 92' lang='lat' dir='ltr'>unum</span> <span class='ocrx_word' id='word_1_60' title='bbox 1223 1592 1288 1652; x_wconf 90' lang='lat' dir='ltr'>vin·</span> 
     </span>
     <span class='ocr_line' id='line_1_9' title="bbox 182 1711 1288 1806; baseline 0.002 -21"><span class='ocrx_word' id='word_1_61' title='bbox 182 1732 276 1796; x_wconf 88' lang='lat' dir='ltr'>ctum,</span> <span class='ocrx_word' id='word_1_62' title='bbox 290 1743 378 1802; x_wconf 93' lang='lat' dir='ltr'>quem</span> <span class='ocrx_word' id='word_1_63' title='bbox 400 1723 579 1785; x_wconf 85' lang='lat' dir='ltr'>voluissent:</span> <span class='ocrx_word' id='word_1_64' title='bbox 602 1722 747 1785; x_wconf 82' lang='lat' dir='ltr'>Habebat</span> <span class='ocrx_word' id='word_1_65' title='bbox 768 1733 869 1785; x_wconf 90' lang='lat' dir='ltr'>autem</span> <span class='ocrx_word' id='word_1_66' title='bbox 883 1732 956 1786; x_wconf 90' lang='lat' dir='ltr'>tunc</span> <span class='ocrx_word' id='word_1_67' title='bbox 977 1711 1113 1786; x_wconf 84' lang='lat' dir='ltr'>vinctum</span> <span class='ocrx_word' id='word_1_68' title='bbox 1128 1725 1288 1806; x_wconf 84' lang='lat' dir='ltr'>insignem,</span> 
     </span>
    </p>
   </div>
   <div class='ocr_carea' id='block_1_4' title="bbox 181 1852 1289 1934">
    <p class='ocr_par' dir='ltr' id='par_1_4' title="bbox 181 1852 1289 1934">
     <span class='ocr_line' id='line_1_10' title="bbox 181 1852 1289 1934; baseline 0.004 -20"><span class='ocrx_word' id='word_1_69' title='bbox 181 1853 234 1934; x_wconf 89' lang='lat' dir='ltr'>qui</span> <span class='ocrx_word' id='word_1_70' title='bbox 257 1852 414 1914; x_wconf 81' lang='lat' dir='ltr'>dicebatur</span> <span class='ocrx_word' id='word_1_71' title='bbox 434 1852 601 1914; x_wconf 90' lang='lat' dir='ltr'>Barabbas.</span> <span class='ocrx_word' id='word_1_72' title='bbox 643 1853 840 1933; x_wconf 84' lang='lat' dir='ltr'>Congregatis</span> <span class='ocrx_word' id='word_1_73' title='bbox 864 1874 936 1934; x_wconf 85' lang='lat' dir='ltr'>ergo</span> <span class='ocrx_word' id='word_1_74' title='bbox 960 1854 1030 1929; x_wconf 89' lang='lat' dir='ltr'>illis,</span> <span class='ocrx_word' id='word_1_75' title='bbox 1044 1854 1124 1917; x_wconf 87' lang='lat' dir='ltr'>dixit</span> <span class='ocrx_word' id='word_1_76' title='bbox 1148 1855 1289 1918; x_wconf 82' lang='lat' dir='ltr'>Pilatus:</span> 
     </span>
    </p>
   </div>
   <div class='ocr_carea' id='block_1_5' title="bbox 185 1985 1291 2068">
    <p class='ocr_par' dir='ltr' id='par_1_5' title="bbox 185 1985 1291 2068">
     <span class='ocr_line' id='line_1_11' title="bbox 185 1985 1291 2068; baseline 0.002 -20"><span class='ocrx_word' id='word_1_77' title='bbox 185 1987 285 2064; x_wconf 72' lang='lat' dir='ltr'>Quem</span> <span class='ocrx_word' id='word_1_78' title='bbox 300 1985 392 2047; x_wconf 88' lang='lat' dir='ltr'>vultis</span> <span class='ocrx_word' id='word_1_79' title='bbox 405 1985 557 2046; x_wconf 87' lang='lat' dir='ltr'>dimittam</span> <span class='ocrx_word' id='word_1_80' title='bbox 581 1985 685 2047; x_wconf 90' lang='lat' dir='ltr'>vobis:</span> <span class='ocrx_word' id='word_1_81' title='bbox 707 1985 893 2060; x_wconf 87' lang='lat' dir='ltr'>Barabbam,</span> <span class='ocrx_word' id='word_1_82' title='bbox 907 2006 947 2047; x_wconf 91' lang='lat' dir='ltr'>an</span> <span class='ocrx_word' id='word_1_83' title='bbox 970 1986 1075 2050; x_wconf 83' lang='lat' dir='ltr'>Jesum</span> <span class='ocrx_word' id='word_1_84' title='bbox 1099 1989 1152 2068; x_wconf 89' lang='lat' dir='ltr'>qui</span> <span class='ocrx_word' id='word_1_85' title='bbox 1175 1989 1291 2052; x_wconf 93' lang='lat' dir='ltr'>dicitur</span> 
     </span>
    </p>
   </div>
   <div class='ocr_carea' id='block_1_6' title="bbox 113 2100 1289 4020">
    <p class='ocr_par' dir='ltr' id='par_1_6' title="bbox 113 2100 1289 4020">
     <span class='ocr_line' id='line_1_12' title="bbox 113 2100 1287 2196; baseline 0 -17"><span class='ocrx_word' id='word_1_86' title='bbox 113 2100 114 2103; x_wconf 8' lang='grc' dir='ltr'><strong>Ἴ</strong></span> <span class='ocrx_word' id='word_1_87' title='bbox 183 2117 341 2179; x_wconf 82' lang='lat' dir='ltr'>Christus?</span> <span class='ocrx_word' id='word_1_88' title='bbox 382 2115 503 2178; x_wconf 79' lang='lat' dir='ltr'>Sciebat</span> <span class='ocrx_word' id='word_1_89' title='bbox 529 2115 608 2177; x_wconf 88' lang='lat' dir='ltr'>enirn</span> <span class='ocrx_word' id='word_1_90' title='bbox 637 2115 718 2196; x_wconf 89' lang='lat' dir='ltr'>quod</span> <span class='ocrx_word' id='word_1_91' title='bbox 746 2136 799 2195; x_wconf 88' lang='lat' dir='ltr'>per</span> <span class='ocrx_word' id='word_1_92' title='bbox 822 2115 968 2178; x_wconf 88' lang='lat' dir='ltr'>invidiam</span> <span class='ocrx_word' id='word_1_93' title='bbox 991 2117 1186 2178; x_wconf 83' lang='lat' dir='ltr'>tradidissent</span> <span class='ocrx_word' id='word_1_94' title='bbox 1208 2138 1287 2179; x_wconf 90' lang='lat' dir='ltr'>eum.</span> 
     </span>
     <span class='ocr_line' id='line_1_13' title="bbox 183 2245 1287 2327; baseline -0.001 -19"><span class='ocrx_word' id='word_1_95' title='bbox 183 2247 311 2308; x_wconf 82' lang='lat' dir='ltr'>Sedente</span> <span class='ocrx_word' id='word_1_96' title='bbox 325 2255 424 2308; x_wconf 88' lang='lat' dir='ltr'>autem</span> <span class='ocrx_word' id='word_1_97' title='bbox 440 2246 494 2306; x_wconf 92' lang='lat' dir='ltr'>illo</span> <span class='ocrx_word' id='word_1_98' title='bbox 507 2267 562 2325; x_wconf 90' lang='lat' dir='ltr'>pro</span> <span class='ocrx_word' id='word_1_99' title='bbox 576 2245 732 2319; x_wconf 87' lang='lat' dir='ltr'>tribunali,</span> <span class='ocrx_word' id='word_1_100' title='bbox 746 2246 828 2307; x_wconf 87' lang='lat' dir='ltr'>misit</span> <span class='ocrx_word' id='word_1_101' title='bbox 841 2245 881 2306; x_wconf 91' lang='lat' dir='ltr'>ad</span> <span class='ocrx_word' id='word_1_102' title='bbox 895 2267 961 2308; x_wconf 92' lang='lat' dir='ltr'>eum</span> <span class='ocrx_word' id='word_1_103' title='bbox 985 2267 1064 2307; x_wconf 87' lang='lat' dir='ltr'>uxor</span> <span class='ocrx_word' id='word_1_104' title='bbox 1077 2247 1152 2327; x_wconf 89' lang='lat' dir='ltr'>ejus,·</span> <span class='ocrx_word' id='word_1_105' title='bbox 1164 2247 1287 2308; x_wconf 88' lang='lat' dir='ltr'>dicens:</span> 
     </span>
     <span class='ocr_line' id='line_1_14' title="bbox 181 2376 1286 2457; baseline 0.002 -19"><span class='ocrx_word' id='word_1_106' title='bbox 181 2377 270 2438; x_wconf 86' lang='lat' dir='ltr'>Nihil</span> <span class='ocrx_word' id='word_1_107' title='bbox 286 2376 349 2450; x_wconf 90' lang='lat' dir='ltr'>tibi,</span> <span class='ocrx_word' id='word_1_108' title='bbox 363 2386 393 2438; x_wconf 90' lang='lat' dir='ltr'>et</span> <span class='ocrx_word' id='word_1_109' title='bbox 403 2378 486 2457; x_wconf 89' lang='lat' dir='ltr'>justo</span> <span class='ocrx_word' id='word_1_110' title='bbox 499 2376 564 2438; x_wconf 90' lang='lat' dir='ltr'>illi:</span> <span class='ocrx_word' id='word_1_111' title='bbox 585 2376 685 2439; x_wconf 86' lang='lat' dir='ltr'>multa</span> <span class='ocrx_word' id='word_1_112' title='bbox 699 2377 779 2439; x_wconf 88' lang='lat' dir='ltr'>enim</span> <span class='ocrx_word' id='word_1_113' title='bbox 802 2397 889 2456; x_wconf 82' lang='lat' dir='ltr'>passa</span> <span class='ocrx_word' id='word_1_114' title='bbox 909 2398 975 2438; x_wconf 93' lang='lat' dir='ltr'>sum</span> <span class='ocrx_word' id='word_1_115' title='bbox 998 2377 1088 2439; x_wconf 88' lang='lat' dir='ltr'>hodie</span> <span class='ocrx_word' id='word_1_116' title='bbox 1111 2398 1165 2457; x_wconf 88' lang='lat' dir='ltr'>per</span> <span class='ocrx_word' id='word_1_117' title='bbox 1188 2378 1286 2440; x_wconf 90' lang='lat' dir='ltr'>visum</span> 
     </span>
     <span class='ocr_line' id='line_1_15' title="bbox 181 2507 1289 2590; baseline 0 -21"><span class='ocrx_word' id='word_1_118' title='bbox 181 2519 304 2590; x_wconf 88' lang='lat' dir='ltr'>propter</span> <span class='ocrx_word' id='word_1_119' title='bbox 324 2529 401 2570; x_wconf 90' lang='lat' dir='ltr'>eum.</span> <span class='ocrx_word' id='word_1_120' title='bbox 450 2507 606 2586; x_wconf 82' lang='lat' dir='ltr'>Principes</span> <span class='ocrx_word' id='word_1_121' title='bbox 634 2516 735 2568; x_wconf 89' lang='lat' dir='ltr'>autem</span> <span class='ocrx_word' id='word_1_122' title='bbox 756 2508 943 2569; x_wconf 87' lang='lat' dir='ltr'>sacerdotum</span> <span class='ocrx_word' id='word_1_123' title='bbox 965 2517 996 2569; x_wconf 90' lang='lat' dir='ltr'>et</span> <span class='ocrx_word' id='word_1_124' title='bbox 1016 2508 1145 2569; x_wconf 88' lang='lat' dir='ltr'>seniores</span> <span class='ocrx_word' id='word_1_125' title='bbox 1165 2527 1289 2586; x_wconf 88' lang='lat' dir='ltr'>persua·</span> 
     </span>
     <span class='ocr_line' id='line_1_16' title="bbox 180 2636 1289 2719; baseline -0.002 -18"><span class='ocrx_word' id='word_1_126' title='bbox 180 2649 284 2702; x_wconf 90' lang='lat' dir='ltr'>serunt</span> <span class='ocrx_word' id='word_1_127' title='bbox 310 2638 430 2719; x_wconf 88' lang='lat' dir='ltr'>populis</span> <span class='ocrx_word' id='word_1_128' title='bbox 457 2646 491 2699; x_wconf 89' lang='lat' dir='ltr'>ut</span> <span class='ocrx_word' id='word_1_129' title='bbox 517 2646 652 2716; x_wconf 89' lang='lat' dir='ltr'>peterent</span> <span class='ocrx_word' id='word_1_130' title='bbox 683 2636 869 2703; x_wconf 82' lang='lat' dir='ltr'>Barabbam.</span> <span class='ocrx_word' id='word_1_131' title='bbox 895 2636 1001 2700; x_wconf 75' lang='lat' dir='ltr'>lesum</span> <span class='ocrx_word' id='word_1_132' title='bbox 1022 2658 1093 2699; x_wconf 88' lang='lat' dir='ltr'>vero</span> <span class='ocrx_word' id='word_1_133' title='bbox 1115 2638 1289 2717; x_wconf 79' lang='lat' dir='ltr'>perderent.</span> 
     </span>
     <span class='ocr_line' id='line_1_17' title="bbox 181 2765 1286 2846; baseline -0.003 -15"><span class='ocrx_word' id='word_1_134' title='bbox 181 2769 377 2846; x_wconf 79' lang='lat' dir='ltr'>Respondeas</span> <span class='ocrx_word' id='word_1_135' title='bbox 391 2777 492 2829; x_wconf 88' lang='lat' dir='ltr'>autem</span> <span class='ocrx_word' id='word_1_136' title='bbox 506 2787 621 2846; x_wconf 86' lang='lat' dir='ltr'>praeses,</span> <span class='ocrx_word' id='word_1_137' title='bbox 634 2766 679 2827; x_wconf 87' lang='lat' dir='ltr'>ait</span> <span class='ocrx_word' id='word_1_138' title='bbox 699 2766 776 2828; x_wconf 89' lang='lat' dir='ltr'>illis:</span> <span class='ocrx_word' id='word_1_139' title='bbox 801 2786 888 2846; x_wconf 90' lang='lat' dir='ltr'>quem</span> <span class='ocrx_word' id='word_1_140' title='bbox 904 2766 998 2828; x_wconf 89' lang='lat' dir='ltr'>vultis</span> <span class='ocrx_word' id='word_1_141' title='bbox 1012 2765 1096 2828; x_wconf 87' lang='lat' dir='ltr'>vobis</span> <span class='ocrx_word' id='word_1_142' title='bbox 1110 2767 1153 2827; x_wconf 87' lang='lat' dir='ltr'>de</span> <span class='ocrx_word' id='word_1_143' title='bbox 1166 2766 1286 2829; x_wconf 91' lang='lat' dir='ltr'>duobus</span> 
     </span>
     <span class='ocr_line' id='line_1_18' title="bbox 181 2897 1285 2976; baseline -0.001 -16"><span class='ocrx_word' id='word_1_144' title='bbox 181 2898 314 2960; x_wconf 76' lang='lat' dir='ltr'>dimitti?</span> <span class='ocrx_word' id='word_1_145' title='bbox 334 2898 379 2959; x_wconf 87' lang='lat' dir='ltr'>At</span> <span class='ocrx_word' id='word_1_146' title='bbox 393 2897 439 2958; x_wconf 91' lang='lat' dir='ltr'>illi</span> <span class='ocrx_word' id='word_1_147' title='bbox 453 2897 613 2959; x_wconf 86' lang='lat' dir='ltr'>dixerunt:</span> <span class='ocrx_word' id='word_1_148' title='bbox 642 2897 830 2959; x_wconf 54' lang='lat' dir='ltr'>Barabbamt</span> <span class='ocrx_word' id='word_1_149' title='bbox 848 2897 934 2959; x_wconf 83' lang='lat' dir='ltr'>Dicit</span> <span class='ocrx_word' id='word_1_150' title='bbox 954 2898 1014 2959; x_wconf 90' lang='lat' dir='ltr'>illis</span> <span class='ocrx_word' id='word_1_151' title='bbox 1035 2898 1172 2959; x_wconf 88' lang='lat' dir='ltr'>Pilatus:</span> <span class='ocrx_word' id='word_1_152' title='bbox 1199 2899 1285 2976; x_wconf 73' lang='lat' dir='ltr'>Quid</span> 
     </span>
     <span class='ocr_line' id='line_1_19' title="bbox 181 3025 1284 3106; baseline 0.001 -19"><span class='ocrx_word' id='word_1_153' title='bbox 181 3028 276 3106; x_wconf 81' lang='lat' dir='ltr'>igitur</span> <span class='ocrx_word' id='word_1_154' title='bbox 303 3027 413 3089; x_wconf 82' lang='lat' dir='ltr'>faciam</span> <span class='ocrx_word' id='word_1_155' title='bbox 440 3026 478 3087; x_wconf 92' lang='lat' dir='ltr'>de</span> <span class='ocrx_word' id='word_1_156' title='bbox 504 3025 579 3089; x_wconf 89' lang='lat' dir='ltr'>Jesu</span> <span class='ocrx_word' id='word_1_157' title='bbox 606 3026 658 3105; x_wconf 94' lang='lat' dir='ltr'>qui</span> <span class='ocrx_word' id='word_1_158' title='bbox 682 3026 794 3087; x_wconf 88' lang='lat' dir='ltr'>dicitur</span> <span class='ocrx_word' id='word_1_159' title='bbox 821 3027 981 3088; x_wconf 79' lang='lat' dir='ltr'>Christus?</span> <span class='ocrx_word' id='word_1_160' title='bbox 1022 3027 1139 3089; x_wconf 91' lang='lat' dir='ltr'>Dicunt</span> <span class='ocrx_word' id='word_1_161' title='bbox 1165 3048 1284 3090; x_wconf 91' lang='lat' dir='ltr'>omnes:</span> 
     </span>
     <span class='ocr_line' id='line_1_20' title="bbox 181 3155 1286 3236; baseline 0.002 -19"><span class='ocrx_word' id='word_1_162' title='bbox 181 3156 391 3236; x_wconf 83' lang='lat' dir='ltr'>Orucifigatur.</span> <span class='ocrx_word' id='word_1_163' title='bbox 433 3155 491 3217; x_wconf 89' lang='lat' dir='ltr'>Ait</span> <span class='ocrx_word' id='word_1_164' title='bbox 511 3155 572 3216; x_wconf 90' lang='lat' dir='ltr'>illis</span> <span class='ocrx_word' id='word_1_165' title='bbox 593 3176 717 3234; x_wconf 77' lang='lat' dir='ltr'>praeses:</span> <span class='ocrx_word' id='word_1_166' title='bbox 754 3156 837 3234; x_wconf 76' lang='lat' dir='ltr'>Quid</span> <span class='ocrx_word' id='word_1_167' title='bbox 860 3156 940 3216; x_wconf 89' lang='lat' dir='ltr'>enirn</span> <span class='ocrx_word' id='word_1_168' title='bbox 958 3156 1031 3217; x_wconf 88' lang='lat' dir='ltr'>mali</span> <span class='ocrx_word' id='word_1_169' title='bbox 1045 3156 1139 3218; x_wconf 82' lang='lat' dir='ltr'>fecit?</span> <span class='ocrx_word' id='word_1_170' title='bbox 1179 3157 1226 3219; x_wconf 87' lang='lat' dir='ltr'>At</span> <span class='ocrx_word' id='word_1_171' title='bbox 1240 3158 1286 3219; x_wconf 93' lang='lat' dir='ltr'>illi</span> 
     </span>
     <span class='ocr_line' id='line_1_21' title="bbox 180 3285 1286 3365; baseline 0 -18"><span class='ocrx_word' id='word_1_172' title='bbox 180 3287 280 3365; x_wconf 83' lang='lat' dir='ltr'>magis</span> <span class='ocrx_word' id='word_1_173' title='bbox 293 3285 476 3359; x_wconf 88' lang='lat' dir='ltr'>clamabant,</span> <span class='ocrx_word' id='word_1_174' title='bbox 490 3285 640 3347; x_wconf 87' lang='lat' dir='ltr'>diceutes:</span> <span class='ocrx_word' id='word_1_175' title='bbox 662 3285 874 3365; x_wconf 84' lang='lat' dir='ltr'>Crucifigatur.</span> <span class='ocrx_word' id='word_1_176' title='bbox 915 3285 1032 3347; x_wconf 85' lang='lat' dir='ltr'>Videns</span> <span class='ocrx_word' id='word_1_177' title='bbox 1046 3295 1147 3347; x_wconf 86' lang='lat' dir='ltr'>autem</span> <span class='ocrx_word' id='word_1_178' title='bbox 1167 3286 1286 3347; x_wconf 91' lang='lat' dir='ltr'>Pilatus</span> 
     </span>
     <span class='ocr_line' id='line_1_22' title="bbox 180 3415 1285 3497; baseline 0.003 -20"><span class='ocrx_word' id='word_1_179' title='bbox 180 3417 252 3495; x_wconf 88' lang='lat' dir='ltr'>quia</span> <span class='ocrx_word' id='word_1_180' title='bbox 265 3415 342 3475; x_wconf 91' lang='lat' dir='ltr'>nihil</span> <span class='ocrx_word' id='word_1_181' title='bbox 356 3415 521 3495; x_wconf 89' lang='lat' dir='ltr'>proficeret,</span> <span class='ocrx_word' id='word_1_182' title='bbox 532 3416 583 3476; x_wconf 90' lang='lat' dir='ltr'>sed</span> <span class='ocrx_word' id='word_1_183' title='bbox 595 3415 691 3494; x_wconf 85' lang='lat' dir='ltr'>magis</span> <span class='ocrx_word' id='word_1_184' title='bbox 704 3416 853 3477; x_wconf 88' lang='lat' dir='ltr'>tumultus</span> <span class='ocrx_word' id='word_1_185' title='bbox 867 3415 958 3490; x_wconf 89' lang='lat' dir='ltr'>fieret,</span> <span class='ocrx_word' id='word_1_186' title='bbox 971 3426 1094 3495; x_wconf 88' lang='lat' dir='ltr'>accepta</span> <span class='ocrx_word' id='word_1_187' title='bbox 1107 3438 1197 3497; x_wconf 85' lang='lat' dir='ltr'>aqua,</span> <span class='ocrx_word' id='word_1_188' title='bbox 1205 3417 1285 3480; x_wconf 88' lang='lat' dir='ltr'>lavit</span> 
     </span>
     <span class='ocr_line' id='line_1_23' title="bbox 181 3505 1283 3628; baseline 0.001 -21"><span class='ocrx_word' id='word_1_189' title='bbox 181 3566 287 3607; x_wconf 88' lang='lat' dir='ltr'>manus</span> <span class='ocrx_word' id='word_1_190' title='bbox 301 3566 403 3606; x_wconf 88' lang='lat' dir='ltr'>coram</span> <span class='ocrx_word' id='word_1_191' title='bbox 416 3544 538 3625; x_wconf 92' lang='lat' dir='ltr'>populo,</span> <span class='ocrx_word' id='word_1_192' title='bbox 553 3544 672 3606; x_wconf 91' lang='lat' dir='ltr'>diceus:</span> <span class='ocrx_word' id='word_1_193' title='bbox 694 3505 841 3606; x_wconf 76' lang='lat' dir='ltr'>Innocens</span> <span class='ocrx_word' id='word_1_194' title='bbox 855 3566 910 3626; x_wconf 87' lang='lat' dir='ltr'>ego</span> <span class='ocrx_word' id='word_1_195' title='bbox 929 3567 997 3607; x_wconf 90' lang='lat' dir='ltr'>sum</span> <span class='ocrx_word' id='word_1_196' title='bbox 1011 3567 1030 3607; x_wconf 88' lang='lat' dir='ltr'>a</span> <span class='ocrx_word' id='word_1_197' title='bbox 1044 3547 1191 3627; x_wconf 89' lang='lat' dir='ltr'>sanguine</span> <span class='ocrx_word' id='word_1_198' title='bbox 1206 3549 1283 3628; x_wconf 89' lang='lat' dir='ltr'>justi</span> 
     </span>
     <span class='ocr_line' id='line_1_24' title="bbox 179 3674 1282 3756; baseline 0.003 -20"><span class='ocrx_word' id='word_1_199' title='bbox 179 3677 287 3755; x_wconf 90' lang='lat' dir='ltr'>hujus:</span> <span class='ocrx_word' id='word_1_200' title='bbox 309 3696 363 3736; x_wconf 88' lang='lat' dir='ltr'>vos</span> <span class='ocrx_word' id='word_1_201' title='bbox 384 3674 528 3738; x_wconf 79' lang='lat' dir='ltr'>videritis.</span> <span class='ocrx_word' id='word_1_202' title='bbox 582 3674 626 3735; x_wconf 90' lang='lat' dir='ltr'>Et</span> <span class='ocrx_word' id='word_1_203' title='bbox 648 3674 828 3753; x_wconf 86' lang='lat' dir='ltr'>respondeus</span> <span class='ocrx_word' id='word_1_204' title='bbox 851 3675 1008 3736; x_wconf 87' lang='lat' dir='ltr'>universus</span> <span class='ocrx_word' id='word_1_205' title='bbox 1032 3677 1171 3756; x_wconf 86' lang='lat' dir='ltr'>populus,</span> <span class='ocrx_word' id='word_1_206' title='bbox 1185 3677 1282 3739; x_wconf 87' lang='lat' dir='ltr'>dixit:</span> 
     </span>
     <span class='ocr_line' id='line_1_25' title="bbox 178 3805 1284 3887; baseline -0.002 -17"><span class='ocrx_word' id='word_1_207' title='bbox 178 3807 307 3887; x_wconf 79' lang='lat' dir='ltr'>Sanguis</span> <span class='ocrx_word' id='word_1_208' title='bbox 320 3808 384 3887; x_wconf 91' lang='lat' dir='ltr'>ejus</span> <span class='ocrx_word' id='word_1_209' title='bbox 397 3826 487 3884; x_wconf 88' lang='lat' dir='ltr'>super</span> <span class='ocrx_word' id='word_1_210' title='bbox 500 3825 562 3880; x_wconf 89' lang='lat' dir='ltr'>nos,</span> <span class='ocrx_word' id='word_1_211' title='bbox 576 3814 607 3867; x_wconf 90' lang='lat' dir='ltr'>et</span> <span class='ocrx_word' id='word_1_212' title='bbox 619 3825 709 3884; x_wconf 88' lang='lat' dir='ltr'>super</span> <span class='ocrx_word' id='word_1_213' title='bbox 729 3805 807 3867; x_wconf 90' lang='lat' dir='ltr'>filios</span> <span class='ocrx_word' id='word_1_214' title='bbox 825 3814 950 3868; x_wconf 87' lang='lat' dir='ltr'>nostros.</span> <span class='ocrx_word' id='word_1_215' title='bbox 992 3805 1078 3868; x_wconf 86' lang='lat' dir='ltr'>Tunc</span> <span class='ocrx_word' id='word_1_216' title='bbox 1093 3807 1208 3868; x_wconf 88' lang='lat' dir='ltr'>dimisit</span> <span class='ocrx_word' id='word_1_217' title='bbox 1222 3807 1284 3869; x_wconf 92' lang='lat' dir='ltr'>illis</span> 
     </span>
     <span class='ocr_line' id='line_1_26' title="bbox 179 3934 1283 4020; baseline 0.003 -22"><span class='ocrx_word' id='word_1_218' title='bbox 179 3936 374 3998; x_wconf 88' lang='lat' dir='ltr'>Barabbam:</span> <span class='ocrx_word' id='word_1_219' title='bbox 395 3935 501 3999; x_wconf 86' lang='lat' dir='ltr'>Jesum</span> <span class='ocrx_word' id='word_1_220' title='bbox 515 3943 616 3996; x_wconf 88' lang='lat' dir='ltr'>autem</span> <span class='ocrx_word' id='word_1_221' title='bbox 637 3934 824 4014; x_wconf 84' lang='lat' dir='ltr'>flagellatum</span> <span class='ocrx_word' id='word_1_222' title='bbox 846 3937 974 3999; x_wconf 87' lang='lat' dir='ltr'>tradidit</span> <span class='ocrx_word' id='word_1_223' title='bbox 987 3938 1029 3999; x_wconf 88' lang='lat' dir='ltr'>eis</span> <span class='ocrx_word' id='word_1_224' title='bbox 1042 3947 1077 3999; x_wconf 91' lang='lat' dir='ltr'>ut</span> <span class='ocrx_word' id='word_1_225' title='bbox 1098 3939 1283 4020; x_wconf 85' lang='lat' dir='ltr'>crucifigere·</span> 
     </span>
    </p>
   </div>
   <div class='ocr_carea' id='block_1_7' title="bbox 0 0 1470 4860">
    <p class='ocr_par' dir='ltr' id='par_1_7' title="bbox 0 0 1470 4860">
     <span class='ocr_line' id='line_1_27' title="bbox 0 0 1470 4860; baseline 0 2"><span class='ocrx_word' id='word_1_226' title='bbox 0 0 1470 4860; x_wconf 95' lang='lat' dir='ltr'> </span> 
     </span>
    </p>
   </div>
  </div>
 </body>
</html>
