2932 4860
190 589 248 649 133
488 609 683 663 nmomsmo
704 611 988 655 cnmocammcn.

187 1113 287 1174 diebos
314 1113 424 1193 Azymo
451 1113 606 1176 comedetis.
658 1115 731 1176 Dies
752 1116 869 1195 primm
896 1118 950 1176 erit
977 1116 1053 1177 vobis
1080 1116 1291 1189 colobemimao,

185 1250 361 1323 sciemusque.
404 1242 496 1304 Num.
519 1244 641 1318 (xxviii.
668 1245 818 1322 16-18):
840 1245 941 1305 Merme
961 1252 1056 1305 amon
1075 1248 1179 1323 poimo,
1201 1266 1292 1324 quor·

185 1376 326 1436 todocima
353 1375 401 1436 die
427 1377 539 1450 menam,
560 1375 656 1436 Phoco
682 1376 806 1437 Domini
827 1376 888 1437 erit.
930 1376 971 1436 Et
1000 1373 1213 1455 quintodecimo
1241 1375 1292 1434 die

184 1507 367 1567 solemnitas:
387 1513 491 1584 septem
512 1505 612 1566 diotae
631 1513 777 1566 vescentur
789 1506 913 1584 Aaymia.
961 1505 1093 1582 &aarum
1106 1504 1168 1565 dieo
1185 1507 1290 1583 primo

184 1637 355 1696 oonerobiim
368 1642 394 1696 et
406 1643 505 1696 canoto
519 1637 580 1696 coit.
609 1635 686 1694 Tum
702 1634 830 1714 denique
843 1635 937 1697 verba
951 1634 973 1696 J
974 1634 1076 1713 osephi
1091 1633 1196 1711 Antiq.
1214 1633 1289 1711 (loc.

184 1766 268 1842 cit.):
290 1765 350 1826 Die
370 1772 465 1824 autern
479 1763 691 1842 quintodecimo
709 1763 879 1824 Poeolmbem
892 1766 995 1842 exeipit
1015 1762 1190 1842 Azymorum
1203 1763 1292 1840 sesti·

183 1898 256 1955 oitoa
265 1903 368 1973 septem
382 1895 504 1956 dietam.
532 1895 707 1954 Tenendum
722 1894 815 1975 igitur
829 1904 881 1968 est,
892 1895 972 1955 diem
987 1893 1061 1956 XV.
1075 1894 1183 1955 mensis
1197 1894 1230 1954 N
1232 1896 1291 1956 isa·

147 2086 148 2090 ,
183 2025 229 2085 nis
250 2025 332 2102 apud
364 2023 517 2098 Hebraeos,
544 2033 574 2084 et
594 2024 736 2102 incepisse
763 2045 831 2085 cum
860 2046 945 2086 coena
965 2025 1109 2104 paschali,
1137 2035 1167 2087 et
1193 2026 1290 2087 fuisse

183 2156 279 2235 ipsam
293 2157 422 2235 primam
437 2155 517 2216 diem
531 2155 726 2235 Azymorum.

224 2285 496 2359 65.-“Christus‚''
511 2285 555 2346 ait
568 2285 605 2347 cl.
616 2286 807 2347 adversarius
818 2287 883 2365 (nn.
896 2287 1009 2364 7-8.),
1024 2288 1123 2348 “cruci
1134 2287 1214 2348 fixus
1225 2288 1290 2349 fuit

183 2415 264 2475 horis
285 2414 400 2474 diurnis
415 2415 477 2493 ejus
498 2414 567 2489 diei,
582 2415 614 2474 in
628 2417 712 2493 cujus
732 2416 819 2476 initio
841 2416 953 2495 pascha
973 2417 1166 2480 celebravit.''
1190 2419 1290 2481 Recte

182 2544 312 2622 quidem.
335 2543 472 2604 “Pascha
483 2543 647 2604 celebravit
657 2545 848 2625 noctealege
858 2547 1057 2625 praesoripta.''
1079 2547 1184 2608 Etiam
1194 2559 1288 2611 recte.

182 2673 318 2734 “Pascha
339 2673 396 2734 hoc
417 2673 581 2735 celebravit
593 2682 680 2735 nocte
694 2674 753 2734 diei
768 2673 858 2736 XIV.
873 2676 1008 2737 mensis.''
1041 2676 1199 2757 Negatur;
1222 2700 1288 2740 nox

181 2804 261 2863 enim
275 2824 294 2863 a
308 2803 373 2883 lege
386 2804 560 2882 praescripta
579 2804 619 2864 ad
633 2825 716 2865 esum
737 2806 817 2885 agni,
832 2826 870 2866 ex
889 2806 1108 2882 demonstratis,
1123 2817 1188 2870 erat
1209 2809 1286 2872 XV.

182 2932 282 3013 Igitur
295 2933 433 2995 Christus
453 2933 540 2995 initio
554 2934 613 2995 diei
628 2933 700 2995 XV.
716 2935 833 2996 Pascha
849 2937 944 2997 Suum
966 2938 1138 3012 celebravit,
1152 2948 1183 3000 et
1201 2940 1287 3002 horis

182 3064 298 3123 diurnis
321 3064 452 3143 ejusdem
478 3064 559 3125 cruci
586 3065 665 3125 fixus
689 3073 718 3126 et
742 3065 876 3144 sepultus
899 3066 974 3138 fuit;
1002 3087 1038 3126 ao
1065 3067 1191 3146 proinde
1219 3069 1288 3148 ipsa

114 3194 116 3196 ’
142 3189 147 3197 ’
182 3195 280 3274 prima
294 3195 343 3255 die
361 3194 557 3274 Azymorum.

222 3326 415 3388 66.-Affer0
438 3326 488 3387 hic
510 3326 713 3388 testimonium
738 3327 855 3388 laudati
881 3326 1027 3388 Bccharti
1044 3327 1113 3404 (loe.
1138 3328 1188 3389 cit.
1214 3330 1284 3390 coll.

182 3453 249 3514 560.
265 3453 347 3532 561.)
363 3474 422 3532 quo
436 3456 600 3533 prasertim
620 3456 824 3530 confirmatur,
839 3455 994 3517 Christum
1009 3457 1056 3517 die
1069 3457 1142 3536 fecto
1163 3457 1285 3538 Azymo·

180 3605 246 3644 rom
260 3585 351 3646 fuisse
365 3585 446 3646 cruci
460 3585 564 3646 fixum.
586 3585 628 3647 “J
628 3585 734 3659 udaei‚''
749 3586 801 3660 ait,
817 3585 954 3647 “Pascha
968 3585 1163 3648 celebrabant
1177 3588 1210 3647 in
1224 3588 1285 3649 fine

180 3714 240 3774 diei
265 3714 483 3794 decimiquarti,
508 3723 562 3776 aut
578 3715 644 3796 jam
676 3716 798 3776 ineunte
832 3715 1062 3795 decimoquinto,
1087 3717 1140 3796 qui
1168 3719 1285 3796 primus

180 3854 246 3905 erat
258 3844 441 3924 Azymooam.
483 3844 620 3906 Christus
640 3854 741 3906 autem
756 3866 790 3906 eo
811 3845 875 3924 ipso
892 3846 941 3906 die
955 3866 1023 3906 cum
1045 3846 1200 3926 Apostolis
1215 3849 1285 3910 ulti-

181 3996 263 4035 mum
277 3973 391 4034 Poacho
410 3973 582 4035 celebravit.
624 3973 733 4054 Itaque
754 3973 864 4036 Matth.
881 3975 981 4053 (xxvi.
1004 3975 1284 4057 17.),Mare.(xivi
