2932 4860
245 569 284 630 53
545 584 741 639 nrsoursmro
762 585 1047 630 oarmnomnmcr.

246 827 358 889 Esther
386 826 577 888 Mardoohaeo
605 827 795 907 promisisset,
820 848 851 888 se
873 828 1023 908 jejunium
1051 828 1142 890 trium
1170 827 1291 889 dierum
1321 839 1356 889 et

244 958 336 1018 trium
352 957 485 1018 noctium
503 965 691 1017 servaturam
711 957 801 1018 fuisse
821 967 981 1038 antequam
996 958 1036 1019 ad
1057 978 1156 1038 regem
1179 958 1356 1036 ingredere-

244 1099 314 1161 tur;
343 1087 499 1168 Scriptura
519 1098 620 1149 autem
641 1089 731 1163 dieat,
754 1110 820 1150 eam
852 1089 1012 1168 ingressam
1038 1111 1099 1150 esse
1128 1090 1176 1150 die
1200 1093 1285 1151 tertio
1309 1091 1352 1152 ab

176 1291 181 1304 .
243 1220 363 1298 incepto
372 1219 488 1299 jejunio
501 1220 541 1280 ad
555 1240 655 1298 regern
672 1242 678 1292 ;
694 1220 941 1294 concludendum,
952 1222 1044 1301 juxta
1053 1220 1242 1301 Scripturam
1259 1222 1348 1301 phra-

243 1352 300 1413 sim
320 1351 411 1412 trinm
427 1351 545 1411 dierum
558 1350 740 1428 totidemque
754 1351 888 1412 noctium
903 1373 961 1411 non
976 1372 1037 1412 esse
1049 1352 1227 1412 sumendam
1242 1353 1347 1414 stricte

243 1503 299 1562 pro
319 1482 416 1561 spatio
435 1480 766 1560 septuagintaduarum
789 1482 931 1542 horarum
944 1481 1025 1558 3-b)
1039 1501 1133 1561 quum
1147 1480 1196 1541 die
1210 1482 1295 1542 tertio
1307 1482 1344 1542 sit

243 1621 425 1692 postremum
448 1632 504 1691 par
525 1611 681 1672 memorati
702 1611 796 1672 tridui
816 1611 933 1672 dierum
955 1621 985 1672 et
1005 1612 1148 1684 noctium,
1161 1611 1260 1691 sitque
1281 1632 1344 1691 pro

242 1739 314 1801 inde
335 1760 389 1819 pro
410 1739 458 1800 die
479 1742 560 1800 tertio
580 1745 606 1800 et
626 1746 704 1800 noete
724 1741 818 1812 tenio,
832 1739 989 1819 Scriptura
1009 1749 1110 1800 autem
1132 1739 1279 1801 adhibeat
1299 1740 1344 1800 dic

247 1873 329 1932 tertio
344 1891 398 1950 pro
412 1870 460 1930 die
474 1872 556 1930 tertio
577 1876 602 1930 et
622 1877 701 1930 node
721 1870 829 1940 tertia,·
849 1869 1018 1942 dicendum,
1032 1869 1221 1949 scripturam
1242 1870 1346 1930 confir-

144 2086 146 2090 γ
244 2022 327 2063 mare
347 2021 490 2062 canonem
505 2000 735 2061 Rabbinorum:
761 2000 834 2060 Dies
847 2006 874 2060 et
893 2021 951 2060 noe
972 2002 1147 2060 eomtitaant
1161 2006 1344 2076 νυχθήμερην,

244 2132 321 2194 diem
344 2131 596 2207 aeteruum-e)
612 2151 704 2210 quum
722 2131 870 2211 jejunium
893 2131 1005 2192 Fsther
1025 2151 1083 2191 non
1105 2129 1273 2192 constiterit
1293 2151 1344 2191 sex

243 2263 389 2344 partibus,
403 2261 499 2323 tribus
512 2261 626 2322 soilioet
645 2261 750 2322 diebus
764 2271 794 2323 et
806 2261 904 2322 tribus
925 2260 1070 2334 noctibus,
1084 2261 1136 2322 sed
1150 2261 1200 2322 vel
1213 2261 1254 2322 ad
1268 2282 1346 2322 sum·

244 2414 325 2454 mum
341 2393 473 2472 quinque
486 2391 632 2472 partibus,
646 2399 681 2452 ut
695 2412 766 2451 mox
780 2391 942 2466 videbitur,
956 2391 1114 2472 Scriptura
1133 2403 1235 2453 autem
1257 2393 1346 2454 adfir

244 2531 305 2584 met
332 2522 443 2584 Esther
458 2523 609 2602 jejunasse
635 2542 688 2582 sex
709 2521 863 2601 partibus:
906 2523 947 2583 Et
973 2544 1024 2602 eqo
1051 2544 1115 2584 eam
1138 2523 1255 2584 amato
1276 2527 1346 2585 meis

241 2655 374 2716 aniliter
396 2653 506 2732 (tribus
526 2652 631 2713 diebus
657 2662 687 2713 et
708 2652 804 2713 tribus
825 2652 976 2726 noctibus)
990 2651 1134 2732 ja‘anabo
1144 2673 1156 2723 ,·
1176 2651 1346 2732 intelligen-

244 2784 327 2860 dum,
343 2785 436 2864 juxta
457 2782 642 2845 intellectum
661 2782 823 2844 Sacrorum
845 2781 1080 2863 seripturarum,
1094 2782 1227 2862 phrasim
1253 2783 1347 2844 tribas

243 2913 344 2975 distem
358 2921 383 2974 et
397 2913 488 2973 tribas
502 2912 631 2972 aedibus
644 2911 726 2973 haud
740 2932 801 2972 esse
814 2911 1001 2984 sumendam,
1015 2910 1061 2971 uti
1077 2912 1167 2991 jacet,
1183 2911 1348 2972 materiali·

241 3054 297 3118 ter,
311 3043 360 3103 sed
376 3043 408 3103 in
428 3062 514 3102 sensu
536 3041 627 3102 trium
649 3041 765 3101 dierum
786 3040 982 3112 naturalium,
996 3048 1026 3100 et
1047 3039 1168 3118 quidem
1190 3059 1250 3104 non
1272 3039 1346 3102 inte

242 3194 373 3255 gramm,
384 3173 424 3233 ad
438 3191 574 3232 normam
589 3168 730 3232 videlieet
743 3169 825 3229 illius
839 3170 920 3230 effati
932 3168 1160 3229 Rabbinorum:
1181 3168 1344 3250 Quantulo

241 3323 360 3384 tumque
369 3303 547 3382 portunitas
560 3288 734 3377 νυχθημέρυυ
749 3299 891 3360 concludit
900 3306 1004 3390 tantm.

284 3433 464 3512 na-Quod
480 3431 628 3512 jejunium
650 3430 761 3490 Esther
788 3450 847 3490 non
869 3428 1034 3490 eonstiterit
1053 3449 1106 3489 sex
1134 3426 1282 3507 partibas,
1302 3429 1345 3488 sio

242 3562 407 3645 probatur:
429 3561 521 3622 relate
534 3561 575 3622 ad
595 3561 727 3640 primum
748 3559 828 3620 diem
851 3559 1030 3632 naturalem,
1039 3558 1189 3639 jejunium
1209 3559 1345 3620 eonstitit

242 3695 362 3759 tantum
379 3692 428 3753 die
450 3702 480 3752 et
500 3712 560 3752 nou
584 3691 675 3753 etiam
697 3700 800 3763 noete;
821 3689 883 3750 haeo
906 3689 1026 3769 quippe,
1040 3710 1106 3768 quae
1125 3708 1242 3768 semper
1262 3689 1342 3789 diem

243 3825 384 3909 praeeedit
408 3826 453 3903 (et
479 3825 537 3885 hoo
564 3824 703 3885 observat
730 3843 848 3902 quoque
868 3822 1049 3883 clarissimus
1076 3820 1343 3884 adversariussub

188 3972 191 3976 '
243 3976 368 4021 numero
381 3955 511 4035 quinto),
521 3955 587 4034 jam
601 3962 789 4032 praecesserat
802 3953 923 4031 quando
939 3951 1088 4032 jejunium
1102 3950 1274 4026 inchoavit3
1289 3972 1344 4014 aas

242 4087 289 4168 pit
309 4105 380 4146 sane
394 4084 505 4146 Esther
520 4084 657 4164 jejunare
679 4089 836 4160 postquam
857 4080 1083 4142 Mardochaeum
1096 4079 1264 4159 adloquuta
1277 4091 1344 4142 eat:

225 4206 230 4214 ’
243 4217 285 4278 m
297 4236 348 4296 epo
361 4214 493 4276 similiter
499 4212 651 4294 jejunabo,
663 4212 744 4291 quod
758 4212 872 4273 factum
886 4219 930 4272 est
940 4210 990 4271 die
1003 4230 1064 4272 non
1078 4219 1172 4271 noete.
1194 4209 1233 4270 In
1243 4191 1344 4273 seeun-
