2932 4860
189 541 228 603 59
388 546 394 560 ’
493 559 687 613 orsoummo
707 558 993 603 cumcomnnrcs.

189 796 300 860 Matth.
317 799 384 876 (xii.
409 799 472 877 40.)
495 819 515 859 a
536 799 573 861 cl.
598 799 647 860 D..
661 799 790 883 Wetson
815 801 990 874 adductum,
1012 801 1294 880 quomodocumque

187 928 399 1002 consideretur,
426 950 487 990 non
514 929 643 1009 probare
675 929 829 992 Christum
856 930 1180 1011 septuagintaduabus
1207 931 1289 994 horis

187 1057 277 1119 fuisse
291 1059 323 1118 in
338 1059 483 1138 sepulcro.

697 1447 777 1522 §ss

186 1725 438 1770 nnnrnuurun
451 1725 531 1770 rum
545 1725 762 1769 rnsrruoum:
804 1725 1007 1769 numm.
1020 1709 1067 1769 21.
1109 1723 1222 1768 senx.
1236 1707 1287 1768 40.

617 1856 639 1900 1.
660 1856 732 1900 con
753 1856 809 1900 xv.
831 1840 859 1899 4.

103 2111 105 2115 ’
185 2101 287 2179 “Quin
300 2107 408 2180 φονέει
420 2122 485 2161 eum
496 2148 503 2162 .
515 2147 522 2162 .
535 2147 542 2161 .
554 2148 560 2161 .
573 2103 658 2162 tertio
671 2101 720 2161 die
731 2098 1023 2179 rotemero—Hunc
1040 2098 1122 2158 Deru
1140 2097 1289 2158 muttonis

236 2231 322 2292 tertio
335 2231 474 2291 dic—Et
488 2231 559 2310 quic
571 2231 698 2310 sepultus
711 2236 758 2303 cst,
773 2237 800 2291 et
813 2232 883 2308 quic
903 2228 1060 2320 recurrerit
1080 2229 1167 2288 tertio
1187 2227 1236 2288 dic

550 2360 707 2422 secuudum
720 2359 913 2438 dempturus?

224 2621 358 2684 33.-01.
374 2621 503 2685 Watson
519 2622 685 2702 prestituto
698 2620 755 2682 sibi
776 2620 830 2681 fini
850 2621 997 2694 insistens,
1011 2619 1186 2681 ostendendi
1200 2619 1293 2681 Chri·
1317 2645 1319 2647 ¹

182 2761 263 2814 stum
276 2750 596 2832 septuagintuduabus
609 2751 690 2812 horis
699 2751 828 2830 jacuisse
841 2750 874 2810 in
887 2749 1035 2829 sepulcro,
1048 2747 1178 2811 alterum
1193 2749 1291 2810 addu·
1332 2794 1333 2798 ,
1406 2779 1411 2783 ·

182 2884 223 2945 cit
236 2883 445 2963 propheticum
459 2882 665 2944 testimonium
679 2881 801 2954 Christi,
815 2902 875 2961 quo
897 2891 1003 2961 praeter
1025 2875 1287 2942 confirmationem

183 3021 282 3094 thesis,
296 3019 438 3081 roborare
461 3020 580 3097 satagit,
594 3018 740 3079 indirecte
760 3027 790 3079 et
810 3019 949 3092 mediate,
962 3017 1212 3098 significationem
1225 3019 1290 3098 pri-

181 3153 226 3214 ori
248 3151 453 3231 adjudicatam
476 3150 656 3211 testimonio.
699 3149 903 3210 Ratiocinatio
926 3150 1061 3229 procedit
1083 3158 1117 3210 ut
1130 3149 1292 3228 sequitur:

183 3281 339 3343 “Christus
353 3280 530 3353 declaravit,
540 3299 572 3340 se
582 3287 819 3339 resurrecturum
829 3279 919 3339 tertia
930 3278 979 3338 die
991 3277 1119 3356 (Matth.
1133 3278 1196 3340 xvi.
1212 3278 1288 3358 tn).

182 3411 258 3473 Hsec
272 3410 374 3485 verba,
388 3430 441 3489 per
455 3430 485 3470 se
499 3410 640 3488 inspecta,
653 3408 813 3469 excludere
834 3417 958 3488 possunt
977 3418 1006 3468 et
1030 3406 1184 3468 includere
1206 3408 1287 3470 diem

182 3542 343 3621 sepulturae
351 3561 359 3613 ;
373 3540 424 3601 sed
437 3539 679 3613 siconferentur,
693 3548 723 3600 et
743 3548 814 3600 sunt
835 3540 999 3600 necessario
1020 3538 1201 3600 conferendo
1215 3560 1285 3602 cum

111 3648 113 3653 ’
180 3670 248 3732 uus
262 3668 443 3747 pemmo.
458 3690 488 3730 x.
504 3668 568 3742 4ο.)
584 3678 614 3730 et
630 3668 720 3730 Pseu
736 3671 777 3748 (1.
793 3669 860 3730 θοι».
876 3691 927 3730 xv.
950 3670 1003 3745 4.),
1017 3669 1107 3729 tuum
1130 3669 1211 3731 <uem
1235 3692 1289 3733 ex-

180 3800 316 3862 cludunt
358 3799 458 3878 Igitur
471 3799 497 3860 si
516 3819 535 3859 c
553 3799 690 3878 sepulcro
713 3797 851 3860 Christus
872 3799 1037 3860 resurrexit
1058 3799 1149 3861 tertia
1169 3801 1227 3875 die,
1242 3801 1309 3871 ibi,¹

177 3953 293 3994 necesse
307 3940 351 3992 est
364 3930 455 3992 fuerit
468 3930 794 4010 septuaginta-duobus
808 3930 919 3991 horis.'’

220 4063 411 4126 etc-Multa
434 4083 505 4124 sene
529 4071 648 4144 possent
668 4061 721 4122 hic
741 4061 773 4120 in
794 4061 986 4140 questionem
1001 4060 1106 4121 venire
1127 4059 1223 4122 relate
1247 4060 1288 4122 nd
