2932 4860
187 603 244 664 125
487 619 683 674 nrsouisrrro
703 620 989 664 carrwonrsmca

183 1133 262 1194 ohot.
275 1133 332 1207 (xi.
347 1133 389 1211 9.)
401 1141 431 1194 et
441 1131 575 1193 Chulliu.
588 1132 631 1210 (v.
647 1131 699 1209 5.).
720 1131 767 1193 Of.
778 1131 886 1212 Antiq.
896 1132 996 1194 Sacrae
1005 1132 1045 1194 ab
1056 1132 1133 1195 Adr.
1144 1132 1284 1194 Relsndo

183 1265 261 1343 (par.
276 1263 315 1325 iv.
330 1282 396 1342 cap.
411 1263 438 1323 1.
453 1259 468 1335 ξ
483 1260 580 1339 XV.).
609 1261 680 1322 Hoo
693 1261 816 1322 axioma
828 1260 1035 1355 illustrabunt,
1049 1262 1285 1324 confirmabunt-

183 1411 242 1470 que
256 1411 291 1452 es
304 1411 371 1471 quae
384 1390 506 1452 Samuel
527 1389 670 1466 Bochart,
684 1391 808 1472 loquens
822 1391 860 1453 de
873 1413 951 1472 agno
966 1392 1110 1474 paschali,
1124 1403 1221 1456 notat.
1253 1394 1284 1455 Is

187 1522 220 1582 in
247 1542 335 1602 opere
362 1522 410 1583 oui
437 1522 527 1583 titulo
550 1533 595 1583 est
621 1523 813 1584 Hieremiam
842 1522 942 1604 (parte
962 1525 1132 1604 posteriore,
1147 1523 1186 1585 de
1202 1544 1281 1604 agno

182 1635 326 1716 paschali,
341 1656 406 1716 cap.
421 1635 468 1710 L,
485 1636 538 1697 lib.
561 1635 673 1710 ii.,001.
696 1637 880 1714 sot-561.)
895 1658 987 1718 agens
1007 1637 1045 1700 de
1066 1647 1210 1718 tempore,
1224 1659 1285 1715 quo

181 1787 277 1846 agnus
290 1767 439 1844 paschalis
453 1777 518 1829 erat
528 1769 706 1829 mactandus
718 1768 782 1829 haec
795 1768 904 1830 hebet:
924 1768 1068 1831 '“Pusohae
1081 1778 1200 1849 tempus
1214 1791 1283 1831 cum

181 1898 256 1958 alibi
280 1907 412 1971 notatur,
425 1908 491 1959 tum
514 1899 646 1959 maxime
670 1897 769 1960 Levit.
785 1898 886 1976 (xxiii.
909 1899 970 1977 5.):
992 1899 1093 1960 Primo
1116 1920 1222 1973 mense,
1237 1900 1286 1961 die

145 2074 147 2078 =
179 2033 285 2092 monus
298 2030 524 2111 decimaquarta,
537 2032 614 2091 inter
627 2029 702 2090 duas
715 2051 845 2109 sospem
858 2032 913 2091 erit
926 2029 1041 2091 Pusula
1054 2029 1191 2092 Domino.
1235 2030 1296 2092 Ibi¹

180 2182 287 2241 nempe
307 2161 367 2223 tria
387 2170 540 2234 notantur,
554 2160 671 2235 mensis,
685 2160 757 2234 dies,
772 2169 802 2222 et
822 2181 892 2240 pars
911 2160 981 2235 diei,
995 2180 1057 2241 qua
1076 2159 1195 2222 Pascha
1209 2161 1284 2222 oele

180 2291 295 2353 bratur.
336 2291 448 2351 Mensis
460 2292 577 2367 primus
590 2290 641 2350 hio
654 2289 835 2370 appellatur,
849 2289 901 2370 qui
922 2288 997 2350 alibi
1018 2289 1126 2351 mensis
1139 2305 1216 2364 ³⁸³⁸,
1230 2310 1282 2352 seu

181 2437 244 2511 10³2,
259 2440 351 2500 aquo
374 2420 452 2482 veris
474 2419 604 2480 initium.
619 2466 626 2481 .
641 2466 648 2481 .
664 2466 671 2481 .
686 2419 763 2479 Haeo
785 2418 823 2479 de
844 2439 945 2480 mense
958 2435 1034 2494 ³³2⁸,
1047 2439 1097 2480 seu
1114 2437 1178 2510 10³1,
1192 2438 1282 2498 quem

180 2550 334 2632 legislator
348 2550 493 2612 Israelitis
506 2550 688 2632 significasse
701 2570 760 2611 non
782 2557 947 2623 contentus,
962 2549 1053 2610 etiam
1067 2548 1147 2610 diem
1161 2556 1193 2610 et
1206 2569 1283 2628 pene

179 2682 285 2743 horam
310 2680 431 2755 indixit,
450 2700 512 2760 qua
534 2679 648 2741 Pascha
670 2679 770 2741 voluit
793 2678 953 2758 quotannis
976 2678 1016 2740 ab
1040 2677 1101 2740 illis
1124 2677 1283 2753 oelebrari,

179 2812 260 2874 diem
275 2831 391 2890 ‘nempe
404 2809 512 2871 mensis
532 2809 804 2890 deoimnmqaartnm
819 2823 929 2883 nutum
943 2824 991 2897 Γ),
1004 2808 1089 2869 Inter
1102 2807 1177 2868 duos
1190 2829 1286 2887 vespe·

178 2963 248 3014 ras,·
268 2941 341 3021 quia
364 2961 399 3002 eo
421 2939 485 3019 ipso
507 2947 619 3019 puncto
644 2929 785 3019 temporis
807 2940 939 3019 primum
961 2939 1075 3000 Parata
1096 2939 1128 2999 in
1151 2938 1283 3018 AEyypto

180 3072 280 3133 fuerat
299 3067 493 3144 celebratum,
504 3069 564 3131 Ex.
581 3068 648 3148 (xii.
669 3067 722 3146 6.),
738 3069 812 3132 Lev.
835 3069 936 3148 (xxiii.
958 3069 1012 3147 5.),
1026 3068 1118 3130 Num.
1141 3069 1198 3147 (ix.
1210 3070 1239 3130 3.
1254 3070 1282 3130 5.

181 3203 228 3265 11.
243 3201 323 3280 eto).
364 3201 456 3262 Diem
475 3200 645 3262 naturalem
667 3200 749 3279 apud
770 3199 893 3262 Judaeos
906 3220 926 3261 a
940 3219 1063 3278 vespera
1083 3197 1237 3277 inoepisse‚
1252 3209 1283 3260 et
1308 3274 1310 3279 Ι

179 3331 210 3392 in
225 3340 395 3410 sequentem
411 3350 564 3410 vesperam
584 3328 748 3402 duravisse,
762 3336 865 3409 aperte
878 3336 996 3390 constat
1008 3347 1048 3388 ex
1061 3325 1187 3388 historia
1200 3347 1283 3388 crea·

180 3464 277 3527 tionis.
319 3462 450 3524 Proinde
479 3461 626 3541 jubentur
652 3481 772 3523 servare
797 3459 966 3522 Sabbatum
993 3474 1051 3534 sun
1072 3474 1110 3532 'ur
1131 3473 1221 3533 anun,
1249 3458 1280 3520 A

178 3615 295 3674 nupera
308 3593 350 3654 ad
368 3612 514 3669 remmom
528 3590 602 3652 Lev.
619 3589 719 3670 (xxiii.
735 3587 807 3666 32).
848 3588 935 3663 Sunt,
949 3589 1001 3669 qui
1022 3597 1181 3668 utramque
1199 3586 1282 3649 hano

178 3745 335 3804 vesperam
355 3722 519 3803 significari
539 3720 656 3794 volunt,
670 3740 739 3781 oum
753 3718 868 3779 Pascha
881 3718 1022 3780 cekbrare
1036 3718 1184 3798 jubentur
1203 3719 1284 3780 inter

179 3856 254 3918 duas
266 3876 404 3936 vespam
446 3852 538 3932 Quod
552 3861 596 3914 est
609 3851 874 3913 absurdissimum:
889 3870 959 3912 eum
973 3849 1052 3911 enim
1067 3849 1099 3909 in
1112 3847 1167 3910 illo
1180 3848 1283 3928 spatio

179 3990 260 4051 horae
273 3986 524 4066 vigintiquatuor
542 3982 747 4057 includantur,
760 3981 867 4062 quavis
880 3982 957 4043 hora
977 3979 1145 4042 Pasolmlem
1164 3999 1281 4058 sgnum
