2932 4860
483 605 677 659 msomsmo
697 605 981 649 omnmo-Brauon.

175 1067 261 1167 ‘Erat
288 1118 387 1167 autem
416 1108 467 1186 qui
496 1107 652 1169 dicebatur
679 1106 847 1182 Barabbas,
868 1108 920 1187 qui
948 1128 1017 1169 cum
1044 1108 1191 1170 seditiosis
1218 1118 1286 1169 erat

182 1238 309 1311 vinctus,
324 1239 375 1317 qui
389 1239 421 1298 in
435 1238 578 1299 seditione
592 1240 703 1299 fecerat
717 1238 921 1298 homicidium.
963 1238 1006 1298 Et
1020 1258 1088 1298 cum
1103 1237 1286 1298 ascendisset

182 1368 384 1449 turba-coepit
406 1391 520 1449 rogare,
542 1371 619 1431 sicut
639 1391 755 1449 semper
775 1370 906 1430 faciebat
926 1368 995 1431 illis.
1038 1368 1155 1430 Pilatus
1180 1378 1284 1429 autem

183 1504 335 1581 respondit
349 1505 399 1577 eis,
413 1514 443 1565 ct
457 1504 552 1565 dixit:
577 1504 682 1565 Vultis
703 1504 855 1564 dimittam
870 1503 955 1564 vobis
970 1523 1069 1583 regem
1083 1502 1285 1564 Judaeorum?

181 1632 303 1695 Sciebat
316 1634 394 1694 enim
409 1635 489 1713 quod
504 1655 558 1713 per
570 1634 719 1696 invidiam
734 1633 927 1694 tradidissent
941 1653 1010 1693 eum
1024 1632 1132 1694 summi
1147 1631 1284 1692 sacerdo·

182 1772 233 1823 tes.
268 1762 428 1824 Pontifices
442 1774 541 1825 autem
562 1765 788 1826 concitaverunt
801 1765 932 1836 turbam,
947 1774 981 1825 ut
995 1763 1090 1855 magis
1104 1761 1283 1823 Barabbam

183 1893 347 1954 dimitteret
360 1894 410 1955 eis.
452 1893 569 1954 Pilatus
583 1904 683 1954 autem
701 1893 809 1954 iterum
832 1894 1020 1973 respondeus,
1034 1893 1077 1954 ait
1090 1892 1170 1953 illis:
1197 1891 1283 1968 Quid
1358 1930 1364 1942 ·

122 2093 124 2097 7
182 2012 253 2101 erg'o
267 2022 360 2084 vultis
374 2022 484 2083 faciam
499 2023 562 2102 regi
575 2022 598 2084 J
601 2022 773 2083 udaeorum?
814 2022 858 2082 At
872 2021 918 2081 illi
932 2022 1040 2082 iterum
1056 2021 1283 2082 clamaverunt:

182 2149 331 2229 Crucifige
344 2171 420 2210 eum.
462 2150 580 2211 Pilatus
594 2171 664 2211 vero
674 2150 798 2224 dicebat
811 2122 887 2211 illis:
911 2150 994 2228 Quid
1008 2150 1087 2210 enim
1102 2148 1177 2210 mali
1191 2148 1284 2209 fecit?

183 2278 228 2337 At
241 2277 287 2337 illi
302 2279 397 2357 magis
415 2278 605 2340 clamabant:
627 2278 776 2358 Orucifige
798 2299 875 2339 eum.
916 2278 1035 2340 Pilatus
1056 2286 1157 2339 autem
1181 2277 1285 2338 volens

182 2406 294 2486 populo
306 2409 485 2482 satisfacere,
496 2408 610 2469 dimisit
623 2407 684 2468 illis
695 2407 879 2481 Barabbam,
890 2418 919 2468 et
932 2407 1059 2468 tradidit
1069 2406 1163 2468 lesum
1179 2407 1284 2486 flagel-

181 2537 218 2598 lis
242 2559 359 2613 caesum,
373 2548 408 2599 ut
432 2537 663 2617 crucifigeretur.
713 2537 828 2598 Milites
852 2548 953 2599 autem
978 2538 1131 2598 duxerunt
1154 2557 1225 2598 eum
1249 2538 1282 2597 in

182 2669 292 2729 atrium
318 2669 459 2748 praetorii,
473 2679 503 2730 et
527 2676 694 2730 convocant
714 2677 809 2729 totam
830 2669 992 2742 cohortem,
1009 2677 1038 2728 et
1059 2668 1192 2728 induunt
1211 2688 1282 2755 eum

181 2817 325 2876 purpura,
339 2807 369 2858 et
389 2798 549 2877 imponunt
562 2797 589 2856 ei
610 2795 771 2876 plectentes
791 2796 925 2875 spineam
940 2817 1088 2857 coronam.
1127 2771 1175 2856 ‘Et
1188 2816 1284 2875 eoepe-

181 2934 253 2987 runt
265 2926 398 2988 salutare
411 2947 496 2988 eum:
518 2927 588 2988 Ave
601 2946 656 2986 rex
676 2924 699 2987 J
700 2915 860 2986 admorum.
903 2925 947 2986 Et
959 2924 1168 3004 percutiebant
1189 2933 1283 3004 caput

182 3058 244 3138 ejus
258 3058 422 3118 arundine:
441 3068 472 3118 et
484 3057 689 3137 conspuebant
702 3077 780 3130 eum,
791 3066 820 3117 et
834 3066 975 3136 ponentes
988 3078 1096 3136 genua,
1111 3057 1284 3118 adorabant

181 3208 258 3248 eum.
280 3188 323 3248 Et
336 3197 493 3267 postquam
508 3186 667 3247 illuserunt
681 3186 718 3259 ei,
732 3196 880 3247 exuerunt
893 3185 980 3246 illum
994 3176 1140 3264 purpura,
1149 3196 1181 3246 et
1194 3186 1285 3247 indu·

181 3327 269 3377 erunt
287 3337 355 3377 eum
384 3316 567 3377 vestimentis
587 3315 664 3376 suis:
685 3324 715 3375 et
742 3314 873 3375 educunt
893 3314 980 3374 illum
1010 3323 1043 3375 ut
1070 3314 1286 3394 crucifigerent

180 3468 257 3508 eum.
279 3446 322 3507 Et
335 3446 570 3525 angariaverunt
585 3453 811 3525 praetereuntem
827 3445 1008 3524 quempiam,
1022 3443 1175 3504 Simonem
1189 3444 1282 3525 Cyre·

179 3597 286 3652 naeum,
301 3576 468 3638 venientem
483 3576 520 3636 de
542 3575 625 3649 villa,
641 3585 755 3655 patrem
774 3575 947 3636 Alexandri
969 3585 998 3637 et
1012 3575 1094 3650 Rufi,
1104 3585 1139 3636 ut
1160 3576 1282 3638 tolleret

179 3726 297 3767 crucem
311 3706 382 3785 ejus.
424 3703 467 3764 Et
480 3704 649 3782 perducunt
669 3703 756 3764 illum
771 3704 802 3763 in
824 3703 979 3784 Golgotha
999 3705 1118 3765 locum:
1140 3705 1221 3784 quod
1236 3717 1280 3768 est

178 3840 409 3916 interpretatum
423 3834 572 3897 Calvariae
586 3834 677 3897 locus.
720 3835 763 3895 Et
783 3834 898 3896 dabant
912 3845 942 3896 et
963 3834 1065 3896 bibere
1085 3835 1278 3914 myrrhatum

179 3970 301 4031 viuum:
322 3977 353 4028 et
366 3986 426 4028 uon
447 3967 570 4047 aceepit.
612 3966 654 4026 Et
676 3966 882 4045 crucifigentes
904 3987 982 4037 eum,
1001 3966 1169 4028 diviserunt
1191 3967 1278 4029 vesti·
