2932 4860
485 590 681 644 nisuummo
701 590 987 635 omnmo-mantea,

183 1085 305 1147 Novum
320 1084 544 1146 Testamentum
560 1086 645 1146 nobis
659 1086 849 1165 interpretari
862 1108 869 1157 ;
883 1086 955 1165 quia
969 1085 1072 1146 Sancti
1087 1085 1145 1147 viri
1160 1085 1282 1166 Syriaca

182 1226 391 1295 conceperunt,
405 1235 471 1293 quae
484 1214 589 1276 Graeoe
601 1215 792 1294 scripserunt,
806 1225 837 1276 et
850 1215 962 1294 lingua
976 1215 1144 1276 vernaculae
1158 1217 1280 1295 empha-

181 1347 237 1406 sim
253 1346 415 1426 peregrinis
429 1345 528 1406 verbis
548 1346 751 1406 indiderunt.'’
777 1346 855 1423 Qua
869 1346 984 1406 laudati
1000 1345 1057 1408 viri
1073 1346 1231 1417 sententia,
1246 1367 1282 1406 ne

181 1476 229 1538 oui
258 1477 399 1536 nimirum
421 1486 605 1555 exaggerata
625 1477 774 1549 videatur,
788 1476 868 1537 addo
881 1439 921 1536 ed
942 1497 1008 1536 eam
1032 1476 1279 1548 confirmandam,

180 1606 382 1667 testimonium
398 1605 507 1668 Jaoobi
522 1605 659 1679 Martini,
674 1607 725 1684 qui
739 1606 782 1666 sic
796 1606 915 1667 extollit
929 1606 1089 1667 editionem
1104 1605 1278 1683 Syriacam:

180 1736 252 1795 “Ad
267 1737 345 1796 hanc
358 1735 462 1808 solam,
477 1736 598 1815 quando
612 1734 792 1796 insontibus
805 1735 907 1814 gravis
928 1737 1064 1814 quaedam
1086 1736 1218 1796 occurrit
1231 1735 1280 1796 olr

179 1866 315 1938 scentes,
329 1864 378 1926 vel
400 1865 570 1938 difficultas,
586 1874 651 1926 tuto
671 1864 824 1926 acceditur
833 1888 840 1938 ;
864 1865 926 1925 haec
946 1865 1019 1938 sola,
1034 1866 1156 1943 quando
1171 1866 1209 1926 de
1224 1865 1278 1927 loci

179 1993 306 2072 alicujus
320 1993 565 2072 interpretatione
577 2004 607 2054 et
621 1993 756 2055 versione
770 1993 896 2053 dubium
917 2004 1062 2067 movetur,
1076 2005 1152 2067 tuto,
1167 2017 1203 2055 ac
1217 1996 1279 2056 sine

75 2122 77 2126 ’
178 2142 278 2182 errore
291 2122 475 2194 consulitur;
496 2142 549 2201 per
563 2122 641 2183 hanc
654 2123 749 2184 solam
764 2121 886 2184 Graecus
901 2133 1001 2184 textus
1017 2145 1085 2185 vere
1099 2125 1279 2200 illustratur,

178 2259 257 2311 recte
272 2250 459 2329 intelligitur.
501 2251 603 2331 Hujus
617 2252 697 2312 enim
711 2252 802 2312 solius
821 2253 984 2314 auctoritas
998 2252 1135 2332 proxime
1150 2255 1279 2334 adipso

179 2400 244 2440 rum
267 2380 396 2440 fontium
417 2381 601 2460 majestatem
625 2382 768 2442 accedit.”
811 2383 862 2442 Ex
891 2383 948 2444 hoc
969 2385 1058 2456 facto,
1072 2384 1153 2462 quod
1175 2395 1279 2464 sponte

178 2530 241 2569 sese
255 2510 350 2582 offert,
361 2510 564 2589 colligendum
582 2520 635 2584 est,
650 2512 799 2572 incassum
819 2532 908 2590 agere
928 2522 1019 2591 atque
1039 2517 1137 2573 ierem
1159 2534 1279 2592 prorsus

178 2640 337 2701 verberare
365 2641 558 2721 interpretem
586 2641 820 2721 Scripturarum,
848 2642 900 2721 qui
937 2643 990 2702 uni
1018 2643 1141 2703 innixus
1169 2643 1280 2724 linguae

178 2772 299 2847 Graecae,
324 2773 408 2834 illam
434 2770 658 2853 explanandam
683 2774 870 2845 adsumeret;
900 2775 1068 2854 improvide
1092 2795 1165 2835 vero
1190 2786 1278 2856 atque

131 2897 134 2904 ’
178 2904 465 3007 imprudentur,'qui
487 2904 575 2984 hujus
598 2914 717 2965 tantum
741 2905 835 2966 fretus
856 2905 1034 2984 cognitione,
1048 2926 1079 2964 se
1102 2905 1132 2964 in
1156 2925 1276 2966 arenam

178 3054 297 3113 quoque
311 3034 489 3094 descendere
502 3055 586 3113 posse
600 3044 799 3112 praesumeret.

220 3163 402 3224 21.-Hisce
415 3163 571 3242 praejactis,
582 3172 626 3222 est
640 3162 715 3222 milri
729 3162 954 3235 ostendendum,
966 3162 1098 3241 phrasim
1114 3163 1207 3222 tibae
1221 3163 1278 3222 die·

178 3292 231 3352 las
245 3299 271 3351 et
284 3292 377 3352 tribus
390 3292 518 3352 noctibaa
532 3312 591 3351 non
612 3291 781 3370 significare
802 3301 860 3352 tres
881 3291 1011 3370 integros
1032 3291 1102 3351 dies.
1145 3290 1278 3352 Ostendo

178 3433 279 3482 autem
293 3421 352 3481 sic:
382 3420 519 3481 Christus
542 3421 688 3499 sanguine
713 3441 748 3481 ac
769 3420 890 3480 natione
911 3420 1014 3481 extitit
1034 3429 1113 3480 certe
1134 3419 1277 3492 Judaeus;

178 3550 309 3613 Judaiee
322 3560 465 3628 praeterea
485 3551 608 3612 Judaeos
628 3552 803 3630 adloquens,
816 3565 852 3612 ea
873 3573 943 3612 usus
956 3563 1001 3612 est
1021 3552 1141 3631 phrasi3
1163 3554 1278 3614 accedit

177 3681 258 3760 quod
272 3702 291 3740 a
304 3681 382 3742 libro
396 3680 418 3742 J
420 3702 484 3741 onae
504 3681 671 3761 Prophetae,
685 3680 708 3743 J
709 3681 815 3742 udaice
837 3681 958 3759 quidem
981 3680 1101 3759 scripto,
1116 3681 1212 3760 ipsam
1235 3695 1276 3742 est

178 3820 342 3871 mutuatus.
363 3810 449 3887 Quid
459 3810 567 3890 plura?
580 3831 666 3871 suam
678 3811 900 3889 loquutionem:
915 3811 965 3870 la
975 3813 1030 3870 erit
1044 3810 1141 3870 Filiae
1154 3809 1281 3893 hominis
