2932 4860
160 86 264 148 Graece
278 87 477 167 loquentibus,
491 97 574 167 patet
588 88 685 167 primo
698 109 737 150 ex
753 88 871 150 decreto
892 93 1036 168 August„
1053 141 1069 168 2

159 238 196 278 ne
223 216 323 279 Judaei
344 217 565 298 compellantur
591 219 764 298 promittere
789 218 964 280 vadimonia
987 219 1035 274 Ἕν
1064 223 1214 293 σάββασιν,
1245 223 1262 294 ἦ

160 356 192 423 τῇ
208 350 262 422 πρὸ
277 349 382 420 ταύτης
396 355 566 424 παρασκευῇ·
581 350 635 404 ἀπὸ
651 349 728 422 ὥρας
744 352 850 422 ἐνάτης,
861 347 974 409 Dielm
989 347 1117 422 Saliam
1132 356 1184 409 atti
1198 371 1264 430 φάεα

153 479 255 557 pridie
275 485 323 552 eat,
338 478 551 557 parascevem
565 477 637 538 hora
651 499 730 540 οοοο
751 476 814 540 Jos.
832 479 938 558 Antiq.
954 477 1021 553 (lib.
1042 480 1106 542 xvi.
1127 499 1193 558 cap.
1220 481 1263 542 vi.
1340 477 1343 482 ’

157 605 172 678 ξ
188 607 239 685 Z).
267 606 346 668 Saue
360 615 520 684 παρασκευῇ
535 606 584 667 hic
598 609 845 686 proepnratmaem
858 628 918 670 non
932 608 1091 688 significat,
1101 598 1262 689 nonenim

157 739 269 799 dieitur
283 746 315 814 τῇ
331 740 436 812 ταύτης
450 746 610 815 παρασκευῇ
624 738 676 799 sed
691 746 723 815 τῇ
740 704 793 812 πρὸ
808 741 932 813 τούτου
954 759 1051 819 neque
1063 740 1089 802 si
1104 760 1263 819 proepara-

159 872 265 931 tionem
284 868 475 950 significaret,
489 867 543 929 illa
558 871 612 925 άπὸ
634 869 712 942 ὥρας
735 873 832 941 ἐνάτης
852 867 1007 942 haberent,
1021 888 1089 929 oum
1111 888 1170 948 quo
1193 888 1266 930 aon·

154 1001 361 1081 jungerentur,
376 1009 431 1061 aut
444 999 481 1060 de
494 1020 553 1079 quo
567 1010 662 1060 essent
675 999 765 1060 diota
806 999 919 1062 Verius
932 1000 1026 1081 igitur
1039 1008 1083 1061 ast
1095 1009 1150 1061 aut
1161 1020 1266 1079 vesper

158 1131 217 1218 diei
232 1130 368 1204 Veneris,
382 1139 436 1191 aut
450 1136 523 1190 totus
535 1128 582 1190 hie
602 1128 859 1204 diee.‘-Seoundo,
871 1129 903 1190 in
926 1130 973 1191 his
995 1129 1134 1192 Matthaei
1155 1130 1260 1192 verbis

160 1264 272 1342 (xxvii.
287 1262 349 1341 62.)
363 1286 370 1324 ς
396 1262 431 1338 Τῇ
448 1265 477 1318 δὲ
490 1264 630 1335 ἐπαύριον,
644 1263 706 1335 ἥτις
722 1265 793 1319 ἐστὶν
807 1265 878 1330 μετὰ
893 1267 941 1336 τὴν
956 1268 1141 1336 παρασκευὴν,
1155 1260 1265 1322 Altera

159 1393 401 1473 aeternalium
412 1399 451 1453 est
463 1399 529 1471 poet
547 1382 730 1471 parasceuen,
741 1412 850 1453 nomen
868 1399 1027 1468 παρασκευὴ
1043 1392 1140 1472 ipsum
1151 1399 1265 1453 mmmm

159 1523 236 1584 diem
259 1522 456 1583 hebdomadae
475 1522 607 1593 denotat,
629 1529 724 1582 otest
744 1520 914 1582 adhibitum
936 1530 971 1582 ut
991 1522 1146 1601 proprium
1169 1521 1265 1602 hujus

159 1654 227 1714 diei.
270 1652 348 1728 Quis
362 1672 467 1714 revera
485 1650 655 1730 designaret
669 1650 748 1711 diem
770 1650 880 1712 natalis
894 1650 1016 1725 Christi,
1030 1652 1055 1712 si
1068 1651 1215 1713 incideret
1228 1653 1262 1714 in

159 1784 239 1845 diem
261 1782 462 1855 Dominioam‚
477 1781 524 1842 his
546 1781 662 1843 verbis:
683 1780 793 1842 Altera
813 1780 870 1854 die,
891 1803 957 1861 quae
977 1791 1021 1843 est
1041 1791 1108 1862 post
1127 1784 1264 1862 sipulum

159 1914 270 1976 natalis
290 1912 423 1975 Christi?
464 1912 580 1973 Verum
602 1911 766 1992 simplicius
787 1921 817 1973 et
836 1911 947 1973 alarius
967 1912 1054 1973 illum
1076 1914 1266 1988 enunciaret,

159 2045 302 2107 dicendo:
324 2043 434 2106 Altera
447 2042 504 2116 die,
519 2062 585 2122 quae
598 2051 642 2103 est
656 2051 722 2154 ppst
736 2042 895 2104 Sabbatum
902 2064 913 2114 ;
933 2043 1095 2120 praesertim
1106 2043 1132 2104 si
1146 2043 1265 2106 Sabba-

159 2184 232 2252 tum
246 2175 284 2236 sit
304 2175 420 2253 insigne
440 2172 542 2252 aliquo
562 2181 681 2246 eventu,
702 2173 800 2252 qualis
820 2173 887 2248 fuit,
907 2193 962 2253 pro
982 2183 1083 2235 nostro
1103 2166 1185 2250 oasu,
1207 2176 1266 2238 illa

160 2313 332 2382 παρασκευὴ,
360 2305 397 2365 de
424 2324 484 2384 qua
511 2302 647 2382 loquitur
674 2302 845 2364 Matthaeus.
886 2302 995 2365 Sensus
1021 2325 1092 2385 ergo
1120 2304 1264 2368 Matthaei

144 2397 160 2424 ι

118 2482 121 2487 -
160 2436 269 2509 verbis,
296 2455 315 2495 a
342 2433 379 2496 ol.
408 2433 579 2495 adversario
608 2432 708 2493 uitatis
737 2432 832 2511 (num.
858 2433 905 2494 10.
934 2433 966 2492 in
992 2433 1076 2509 fine),
1098 2435 1264 2498 certissime

160 2564 383 2637 adscribendus,
397 2574 457 2624 est:
489 2562 593 2623 Altera
607 2569 702 2622 autem
715 2561 772 2636 die,
787 2583 850 2642 qua
864 2569 903 2622 eat
916 2569 982 2640 post
996 2562 1072 2622 diem
1093 2561 1264 2627 Venena.-

160 2697 271 2770 Ter‘tio,
285 2696 381 2757 Mare.
397 2694 462 2773 (xv.
477 2692 540 2770 42.)
556 2693 613 2754 ait:
628 2692 706 2749 Ἐπεὶ
721 2691 753 2764 ἦν
768 2698 940 2766 παρασκευὴ,
953 2692 969 2747 ὅ
982 2695 1039 2748 ἐστι
1051 2694 1265 2768 προσάββατον,

160 2827 237 2895 Erat
244 2843 408 2904 paraseeve,
422 2821 498 2902 qaod
512 2828 551 2882 est
564 2827 631 2881 onte
644 2820 809 2882 Sabbatum
839 2819 933 2881 Hisce
946 2819 1046 2881 verbis
1059 2840 1262 2900 synonymum

161 2957 360 3030 προσάββατον
374 2951 489 3012 nomini
504 2955 661 3024 παρασκενὴ
676 2949 856 3028 adpositum,
871 2946 961 3009 efficit
977 2948 1139 3010 necessario
1153 2970 1262 3011 nomen

161 3085 219 3148 hoo
239 3083 395 3164 proprium
408 3101 469 3143 esse
483 3081 574 3142 totius
595 3079 665 3154 diei,
679 3078 731 3160 qui
753 3081 950 3154 προσάββατον
972 3078 1264 3157 dicitur—Quarto,
