2932 4860
545 606 741 660 DISQUISITIO
761 605 1048 651 cmmoo-BIBLIoA.

244 1107 393 1171 Dominus
408 1108 492 1171 Deus
507 1119 576 1171 tuus
589 1109 627 1170 dc
641 1108 777 1189 AEgypto
790 1108 904 1170 nocte.'’
936 1107 1016 1169 Ibid.
1032 1107 1108 1186 (6.):
1130 1105 1208 1168 “Sed
1225 1106 1258 1166 in
1273 1104 1351 1177 loco,

243 1259 332 1317 quem
356 1238 479 1319 clegerit
500 1239 650 1300 Dominus
673 1239 757 1300 Deus
779 1248 858 1312 tuus,
872 1248 907 1300 ut
928 1239 1045 1300 habitet
1068 1256 1175 1299 nomen
1199 1239 1264 1318 ejus
1286 1236 1348 1297 ibi:

241 1369 413 1432 immolabis
430 1370 529 1432 Phase
542 1390 664 1450 vespere
677 1371 717 1431 ad
730 1369 800 1431 solis
814 1390 962 1443 occasum,
977 1369 1097 1449 quaudo
1116 1387 1249 1446 egressus
1264 1387 1294 1428 es
1308 1367 1347 1427 de

243 1499 407 1581 AEgypto.''
448 1500 671 1563 Comedebatur
694 1511 781 1562 nocte
802 1500 862 1562 diei
884 1499 977 1561 XIV.
1019 1498 1080 1560 Ex.
1104 1498 1172 1578 (xii.
1198 1498 1261 1576 8.):
1284 1497 1348 1558 “Et

242 1631 331 1691 edent
344 1651 447 1692 carnes
460 1640 547 1692 nocte
560 1629 615 1692 illa
628 1651 708 1692 assas
722 1630 813 1710 igni.'’
854 1630 1015 1710 Sequentes
1029 1630 1110 1691 horse
1124 1628 1240 1689 diurnas
1254 1628 1345 1708 perti·

242 1759 356 1821 nebant
369 1760 408 1821 ad
423 1760 501 1822 diem
517 1758 608 1823 XIV.
622 1760 759 1823 Christus
778 1782 863 1822 sacra
877 1760 1032 1841 paschalia
1045 1760 1161 1841 peregit
1174 1769 1271 1833 nocte,
1285 1779 1347 1836 qua

242 1890 372 1952 traditus
386 1890 453 1963 fuit,
472 1889 585 1951 Matth.
602 1890 877 1970 (xxvi.17—25.):
900 1890 1024 1951 “Prima
1044 1900 1146 1951 autem
1160 1889 1209 1950 die
1230 1908 1351 1968 azymo·

173 2102 175 2105 ι
243 2040 310 2080 rum
333 2028 518 2081 accesserunt
540 2019 681 2100 discipuli
701 2021 740 2080 ad
761 2019 876 2094 lesum,
891 2020 1039 2081 dicentes:
1058 2018 1123 2082 Ubi
1136 2019 1183 2080 vis
1204 2039 1347 2099 paremus

243 2147 298 2210 nu
326 2148 479 2209 comedere
507 2149 639 2229 paseha?
679 2149 724 2209 At
751 2147 839 2210 oeus
853 2117 965 2209 'dixin
994 2148 1042 2209 ne
1069 2148 1100 2208 n
1129 2148 1283 2210 cineam
1306 2148 1345 2209 au

242 2278 413 2357 quemdam,
427 2286 457 2338 et
470 2277 561 2339 dicite
574 2278 618 2338 ei:
641 2277 787 2357 Magister
808 2278 899 2339 dicit:
921 2276 1052 2358 Tempus
1071 2298 1170 2339 meum
1184 2298 1279 2358 prope
1292 2287 1345 2352 est,

136 2413 139 2416 ’
242 2407 324 2487 apud
338 2417 368 2468 te
381 2408 459 2470 facio
472 2409 585 2488 pascha
598 2429 666 2470 cum
684 2409 839 2489 discipulis
859 2411 940 2471 meis.
982 2410 1025 2471 Et
1046 2394 1181 2472 feceruut
1204 2410 1346 2492 discipuli

241 2538 318 2599 sicut
332 2537 487 2600 constituit
500 2538 560 2599 illis
574 2538 671 2614 lesus,
686 2548 716 2601 et
729 2550 915 2619 paraverunt
928 2542 1048 2620 pascha
1089 2541 1223 2620 Vespere
1240 2552 1342 2604 autem

242 2665 331 2737 facto,
346 2666 553 2730 discumbebat
569 2690 637 2730 cum
659 2671 815 2731 duodecim
838 2671 992 2751 discipulis
1013 2674 1082 2734 suis.
1124 2672 1167 2734 Et
1187 2672 1346 2735 edentibus

243 2794 304 2856 illis
318 2796 413 2857 dixit:
435 2797 537 2858 Amen
552 2798 618 2859 dico
632 2799 727 2873 vobis,
738 2800 809 2878 quia
819 2819 897 2861 unus
906 2809 1038 2862 vestrum
1051 2822 1098 2863 mc
1108 2801 1276 2864 traditurus
1289 2811 1343 2864 est.

242 2924 285 2986 Et
298 2927 466 2988 contristati
480 2927 579 3002 valde,
593 2940 746 3008 coeperunt
759 2929 871 3007 singuli
885 2930 1000 2991 dicere:
1022 2927 1181 3011 Numquid
1200 2952 1255 3011 ego
1276 2953 1344 2993 sum

190 3140 193 3145 ἢ
241 3055 394 3117 Domine?
434 3058 481 3118 At
493 3058 556 3137 ipse
570 3058 759 3138 respondens,
774 3059 835 3120 ait:
857 3059 920 3136 Qui
935 3060 1058 3140 intingit
1079 3082 1196 3122 mecum
1217 3081 1344 3123 manum

240 3185 273 3245 in
287 3186 454 3266 paropside,
467 3187 518 3248 hic
532 3209 580 3248 me
593 3188 701 3250 tradet.
743 3188 842 3249 Filius
862 3189 982 3269 quidem
1004 3190 1133 3251 hominis
1153 3190 1249 3264 vadit,
1263 3192 1344 3253 sicut

240 3315 384 3394 scriptum
412 3326 457 3377 est
483 3317 521 3378 de
547 3316 618 3378 illo:
647 3339 693 3380 vae
719 3327 821 3379 autem
848 3318 963 3380 homiui
985 3318 1040 3392 illi,
1060 3339 1113 3398 per
1134 3340 1223 3399 quem
1244 3319 1346 3383 Filius

214 3458 216 3462 “
241 3446 370 3508 hominis
384 3448 539 3510 tradetur:
560 3448 672 3510 bonum
688 3459 754 3511 erat
767 3450 843 3523 ei‚si
864 3460 953 3510 natus
973 3470 1034 3511 non
1054 3450 1158 3511 fuisset
1171 3450 1262 3512 homo
1282 3451 1347 3514 illc.

241 3576 434 3657 Respondeas
453 3588 552 3638 autem
567 3577 674 3653 ludas,
689 3579 741 3655 qui
755 3578 882 3640 tradidit
895 3600 973 3653 eum,
988 3578 1083 3640 dixit:
1106 3577 1267 3659 Numquid
1287 3601 1345 3661 ego

240 3730 306 3771 sum
327 3707 435 3770 rabbi?
476 3710 533 3770 Ait
546 3709 609 3771 illi:
632 3709 679 3770 Tu
693 3709 826 3771 dixisti.’'
868 3708 947 3770 Ibid.
964 3709 1141 3788 (47-49.):
1164 3709 1345 3773 “Adhuoec

240 3838 388 3918 loquente,
403 3859 470 3901 ecce
483 3839 582 3903 Judas
592 3860 669 3901 unus
680 3839 718 3900 de
728 3839 886 3901 duodecim
897 3808 989 3913 venit,
1000 3848 1108 3900 etcum
1120 3859 1154 3900 eo
1164 3840 1257 3901 turba
1268 3840 1344 3902 mnl·

240 3978 272 4031 to
286 3989 354 4030 cum
368 3967 478 4047 gladiis
491 3978 522 4030 et
534 3967 671 4042 fustibus,
686 3968 768 4030 missi
782 3989 801 4028 a
814 3968 1001 4047 principibus
1020 3969 1209 4030 sacerdotum
1223 3979 1254 4032 et
1267 3970 1341 4032 seni·

31 4354 346 4521 sottum
396 4370 399 4375 ’
