2932 4860
488 557 684 611 DISQUISITIO
704 559 990 607 emutio-mmet.

306 1205 524 1249 EXPENDITUR
545 1206 772 1251 rmmmormm
793 1207 885 1251 spur>
905 1208 1006 1253 mc.
1027 1208 1101 1253 vm.
1114 1191 1164 1252 31.

507 1454 602 1516 “Post
622 1461 678 1516 tres
698 1455 758 1517 dies
778 1455 955 1535 resurqere.'’

224 1712 407 1775 42.-Hisee
428 1713 586 1794 propositis
608 1713 721 1776 Christi
743 1714 853 1789 verbis,
868 1715 905 1776 cl.
930 1714 1058 1777 Watson
1079 1725 1178 1778 censet
1196 1737 1300 1781 suam,

184 1847 361 1906 sententiam
376 1865 437 1906 esse
450 1845 609 1924 probatem
628 1846 667 1906 ad
681 1845 872 1908 evidentiam.
914 1846 965 1906 En
985 1845 1136 1925 quomodo
1150 1848 1290 1926 procedit

184 1976 247 2055 ejus
260 1975 499 2055 argumentatio:
522 1974 604 2038 “Ubi
617 1975 729 2055 legitur
736 1983 810 2056 post,
825 1975 868 2036 ibi
879 1974 983 2037 Graeee
993 1985 1037 2037 est
1046 1980 1119 2050 μετὰ
1129 1996 1199 2037 cum
1214 1997 1302 2041 casu:

96 2098 98 2102 ⁸
183 2104 363 2168 accusativo.
405 2104 660 2186 Haecpraepositio
673 2105 716 2167 sie
727 2114 897 2167 constructa
906 2125 1023 2186 semper
1032 2105 1183 2186 signifieat
1191 2105 1286 2171 finem

183 2244 213 2296 et
227 2235 473 2315 complementem
486 2235 547 2310 rei;
561 2236 632 2297 hine
645 2236 678 2296 in
691 2235 816 2315 praefato
830 2235 1008 2309 testimonio,
1021 2256 1123 2297 sensus
1136 2244 1198 2297 est:
1217 2247 1291 2316 post

183 2364 273 2425 finem
286 2365 380 2426 trium
394 2365 510 2427 dierum
524 2387 687 2446 resurgam.
729 2366 827 2446 Atqui
840 2366 908 2428 finis
921 2367 1014 2428 trium
1028 2365 1145 2429 dierum
1158 2367 1300 2431 exhibet*

182 2494 459 2575 mptuegintedues
472 2495 570 2557 horas.
612 2495 696 2576 Ergo
717 2494 854 2556 Christus
867 2495 1187 2577 septuagintaeuabus
1200 2495 1290 2561 horis
1296 2544 1304 2567 ,-

179 2626 277 2705 jscuit
290 2626 322 2686 in
335 2626 499 2706 sepulcro.’'

223 2753 405 2832 43.-Qu0d
424 2755 558 2834 primum
578 2754 628 2817 hic
644 2726 732 2818 ¹venit
752 2755 983 2830 observandum,
1004 2764 1056 2830 est,
1073 2755 1302 2836 loquutionem..

176 2892 311 2966 posttres
330 2885 391 2947 dies
411 2886 601 2965 eonjunctem
622 2906 683 2947 esse
703 2906 772 2947 cum
792 2885 885 2948 verbo
905 2906 1063 2964 resumere,
1077 2884 1157 2964 quod
1174 2886 1305 2964 (osten·-
1356 2917 1361 2925 ·

172 3037 248 3097 ¹sum
261 3016 294 3077 id
307 3036 400 3096 supra
421 3015 479 3094 est)
493 3015 670 3078 relationem
683 3016 758 3078 dieit
771 3015 811 3076 ed
825 3026 952 3076 mortem
966 3025 997 3076 et
1009 3035 1166 3094 nunquam
1186 3014 1229 3077 ed
1241 3036 1290 3078 se-

180 3147 319 3226 pulcrum
330 3168 341 3215 ‚·
355 3145 480 3242 proinde
493 3146 675 3208 necessarius
686 3155 715 3207 et
728 3146 835 3207 unicus
845 3165 947 3207 sensus
960 3145 1031 3206 huie
1045 3143 1112 3207 loco
1120 3144 1298 3229 subjeetus„.

181 3286 240 3339 est:
263 3276 332 3338 Post
351 3283 407 3338 tres
427 3277 489 3339 dies
509 3299 528 3338 α
547 3285 636 3339 mette
655 3295 812 3356 resumam.
855 3277 1076 3356 Consequenter
1096 3277 1303 3347 numeralem..

177 3413 233 3468 tres
246 3405 316 3480 dies,
330 3405 448 3468 etiamsi
469 3406 497 3466 ei
523 3415 646 3486 propter
667 3406 730 3468 vim
753 3405 968 3486 praepositionis
990 3408 1071 3480 μετὰ,
1085 3404 1157 3482 insit
1178 3424 1304 3475 sensus⁷

178 3533 271 3595 trium
285 3534 470 3614 integrorum
485 3534 611 3608 dierum,
622 3555 684 3596 non
694 3534 822 3614 probare
836 3533 990 3595 Christum
1004 3534 1292 3614 septuaginta-duae

180 3664 235 3725 bus
256 3663 337 3726 horis
357 3665 500 3726 mansisse
519 3664 552 3724 in
572 3664 718 3745 sepulcro,
732 3665 784 3726 sed
804 3673 923 3726 tantum
948 3672 994 3725 tot
1015 3664 1104 3725 hores
1125 3663 1250 3727 fluxisse
1262 3685 1283 3726 a
