2932 4860
576 589 772 644 Dnsqmsmo
793 590 1079 634 omnicolsnsmcs.

272 964 490 1024 auctoritatem.
533 962 609 1024 Haec
622 964 733 1042 itaque,
748 963 828 1042 quod
842 963 881 1023 ad
904 972 1126 1024 controversam
1146 964 1255 1024 attinet
1269 963 1377 1043 loquu-

273 1095 383 1155 tionem
395 1095 443 1150 Ἐν
455 1106 486 1172 τῇ
500 1098 596 1168 καρδίᾳ
609 1102 728 1168 vteris,
742 1093 847 1154 habet:
861 1112 896 1153 ru
907 1111 1018 1154 conon
1028 1112 1148 1154 rasum
1160 1094 1217 1172 (1.)
1239 1093 1271 1154 N
1272 1115 1288 1154 a
1301 1115 1376 1156 vero

272 1225 332 1284 dici
346 1233 445 1302 queat,
460 1224 526 1285 ideo
547 1224 604 1284 hoo
618 1233 707 1303 pacto
725 1223 815 1284 fuisse
835 1222 972 1285 Graecam
995 1225 1198 1303 loquutionem
1214 1225 1245 1284 in
1260 1225 1372 1304 Syrum

273 1353 461 1426 translatam,
472 1354 543 1432 quia
557 1354 615 1413 ista
625 1353 731 1433 lingua
744 1363 826 1414 caret
841 1354 998 1428 vocabulo,
1010 1375 1069 1432 quo
1079 1355 1249 1433 sepulcrum
1261 1355 1376 1434 signifi·
1390 1371 1394 1380 ·

272 1493 373 1555 cetur;
395 1492 515 1543 notetur
534 1503 618 1561 posse
640 1482 669 1542 id
692 1492 770 1543 certe
790 1482 903 1561 triplici
922 1484 1011 1544 modo
1032 1483 1163 1562 exprimi
1176 1483 1308 1561 Syriaca,
1323 1484 1374 1546 vel

272 1613 350 1673 sicut
363 1612 493 1673 occurrit
507 1615 538 1673 in
553 1611 629 1673 Gen.
652 1612 753 1692 (xxiii.
776 1613 818 1690 9.)
834 1633 907 1673 voce
924 1631 1055 1673 nasses
1071 1613 1138 1691 (2.),
1153 1612 1201 1674 vel
1224 1613 1269 1674 uti
1290 1615 1375 1692 apud

273 1743 384 1803 isaiam
411 1743 501 1822 (xxii.
524 1743 586 1821 16.)
610 1741 703 1804 verbo
724 1760 874 1802 uesanos
898 1742 965 1820 (3.),
990 1743 1038 1804 vel
1060 1743 1313 1821 quemadmodum
1342 1745 1374 1804 in

273 1871 321 1932 Ps.
339 1872 417 1950 (xxi.
431 1871 499 1951 Syr.
513 1871 589 1932 xxii.
605 1871 667 1947 30.)
682 1871 812 1931 dictione
826 1889 978 1931 cernuos
990 1872 1057 1950 (4.).

313 2004 382 2063 8.-
396 2001 511 2063 Ordine
532 2002 674 2080 temporis
695 2003 779 2063 venit
800 2002 930 2062 secundo
947 2002 1013 2062 loco
1028 2002 1232 2063 enumeranda
1246 2003 1377 2082 antiqua

274 2133 370 2194 versio
392 2133 514 2206 Latina,
538 2141 611 2192 nota
632 2131 688 2192 sub
702 2131 905 2212 adpellatione
933 2133 1018 2195 Vetus
1036 2133 1125 2205 Rada,
1139 2153 1200 2193 non
1228 2135 1378 2212 posterior

272 2262 401 2324 secundo
429 2262 571 2323 Ecclesiae
584 2262 710 2335 saeculo;
739 2261 944 2335 Tertullianus
963 2263 1042 2322 eninr
1061 2283 1137 2342 saepe
1153 2282 1219 2323 eam
1235 2263 1309 2324 citat
1324 2285 1378 2325 no

272 2391 353 2452 mine
367 2391 509 2452 versionis
520 2392 718 2452 communiter
732 2391 856 2452 usitatae.
878 2391 970 2451 Hanc
980 2392 1157 2464 versionem,
1165 2392 1243 2452 sicut
1253 2392 1285 2451 in
1297 2393 1377 2453 mul·

273 2524 322 2594 tis,
332 2523 423 2583 etiam
438 2523 469 2582 in
491 2522 674 2601 loquutione,
685 2521 722 2582 de
739 2542 800 2600 qua
818 2522 971 2601 quaeritur,
982 2521 1105 2581 exhibet
1124 2521 1280 2600 Vulgata:
1302 2521 1377 2583 licet

273 2654 351 2714 enim
375 2653 581 2732 Hieronymus
608 2651 648 2712 N.
677 2651 712 2712 Τ.
740 2650 853 2713 Graecae
879 2651 949 2711 fidei
976 2651 1149 2722 reddiderit,
1177 2650 1209 2710 id
1239 2650 1377 2729 profecto

272 2797 317 2848 est
329 2786 425 2847 solum
440 2787 478 2847 de
491 2785 553 2846 illis
576 2784 648 2846 locis
662 2785 900 2864 intelligendum,
912 2790 981 2863 quae
1004 2784 1076 2863 quia
1098 2783 1225 2844 obseura
1239 2784 1271 2843 in
1285 2793 1375 2845 textu

273 2916 423 2997 originali,
446 2937 505 2977 uon
532 2916 677 2976 adcurate
699 2915 820 2976 fuerant
848 2916 878 2975 in
907 2914 1053 2975 Latinum
1081 2935 1174 2976 versa.
1218 2914 1375 2994 Luquutio

272 3058 372 3109 autem
396 3048 436 3108 Io
457 3046 541 3108 corde
561 3053 653 3118 terrac
666 3046 918 3125 quemadmodum
942 3044 984 3104 ibi
1002 3045 1121 3124 legitur,
1144 3044 1228 3104 facili
1248 3045 1375 3106 omniuo

273 3182 311 3242 de
332 3189 420 3260 pacto
439 3180 559 3240 derivat
579 3199 598 3238 a
620 3178 724 3257 lingua
745 3176 860 3250 Graeca,
875 3177 961 3256 eique
981 3177 1021 3235 ad
1040 3175 1181 3235 amussim
1206 3175 1376 3260 respondet.

273 3310 442 3372 Dicendum
466 3310 559 3390 igitur
586 3318 638 3380 est,
666 3309 808 3388 praedicta
839 3308 954 3368 ratione
976 3307 1084 3368 lectam
1113 3307 1203 3367 fuisse
1224 3306 1308 3367 illam
1333 3308 1377 3370 lo

273 3439 447 3519 quutionem
475 3460 494 3499 a
523 3438 642 3499 Latinis
672 3439 736 3517 jam
760 3438 836 3498 ⁴inde
856 3438 896 3498 ab
920 3447 1007 3498 aetate
1028 3437 1218 3498 Tertulliani.
1260 3436 1376 3513 Tertio,

272 3571 369 3632 versio
390 3569 566 3649 AEthiopica
593 3569 632 3629 ad
661 3579 779 3648 tempus
799 3568 969 3629 Frumentii
989 3569 1079 3647 primi
1104 3567 1269 3646 AEthiopiaa
1289 3567 1377 3649 Apo-

272 3701 342 3762 stoli
370 3700 539 3772 asoendens,
553 3699 592 3759 ad
613 3698 672 3760 IV.
692 3699 805 3759 scilicet
833 3697 975 3758 Ecclesiae
1001 3698 1151 3770 saeculum,
1176 3698 1312 3758 confecta
1334 3721 1376 3776 ex

272 3839 358 3891 textu
373 3828 488 3902 Graeco,
502 3829 616 3907 pariter
636 3829 736 3889 reddit
750 3829 964 3908 loquutionem,
979 3829 1017 3888 de
1030 3849 1090 3908 qua
1106 3839 1151 3889 est
1170 3849 1276 3902 sermo,
1291 3829 1378 3892 hisce

273 3960 392 4023 verbis:
414 3977 450 4018 ru
474 3976 584 4019 conns
604 3977 724 4018 casnm
747 3957 813 4035 (5.).
856 3958 984 4034 Quarto,
1000 3956 1098 4018 versio
1112 3955 1377 4036 AEgyptiacaseu
