2932 4860
486 599 681 653 DISQUISITIO
702 599 986 644 cmulconnrnlcu.

185 992 221 1031 ea
241 971 319 1032 facta
342 992 403 1032 esse
423 981 493 1032 ante
514 972 592 1032 diem
614 972 722 1033 festum
744 972 875 1046 Paschae,
889 974 1007 1034 tametsi
1028 993 1114 1035 sacra
1130 972 1288 1053 paschalia

185 1115 283 1182 coepta
291 1103 356 1182 jam
371 1104 438 1164 sint.
481 1103 573 1180 Quod
586 1113 687 1164 autem
701 1103 724 1165 J
724 1124 750 1164 o.
761 1104 824 1164 haec
837 1104 969 1165 scribens
982 1105 1140 1184 sexaginta
1154 1105 1289 1184 amplius

186 1249 252 1314 post
266 1235 360 1308 annis,
372 1255 410 1294 ex
424 1254 483 1313 quo
497 1242 581 1312 gesta
594 1233 723 1307 fuerant,
738 1234 924 1295 desuefactus
940 1235 1004 1315 jam
1020 1234 1154 1296 moribus
1166 1234 1189 1296 J
1189 1235 1289 1295 udaeo-

186 1386 252 1425 rum
266 1364 429 1425 inchoandi
443 1363 523 1424 diem
537 1384 556 1423 a
569 1363 639 1424 solis
653 1383 768 1437 occasu,
782 1363 923 1425 adsuetus
943 1374 1018 1425 esset
1031 1364 1136 1424 diebus
1150 1383 1170 1423 a
1182 1364 1287 1424 media

186 1504 272 1555 nocte
286 1492 470 1566 inchoandis,
485 1492 679 1553 confirmatur
697 1493 755 1553 hoc
768 1492 829 1554 alio
849 1494 1018 1553 testimonio
1038 1492 1287 1567 luculentissimo,

184 1622 264 1701 quod
279 1622 341 1701 ipse
354 1621 439 1682 nobis
452 1622 593 1701 suggerit,
604 1622 660 1682 ubi·
671 1634 776 1683 narrat
785 1622 940 1684 Christum
955 1623 1049 1685 veluti
1063 1624 1294 1706 triumphando,

184 1752 427 1832 Hierosolymam
441 1753 605 1832 ingressum
625 1753 767 1833 postridie
780 1755 843 1833 ejus
864 1754 932 1828 diei,
947 1774 1006 1834 quo
1026 1763 1151 1816 venerat
1171 1753 1288 1816 Betha-

184 1882 276 1956 niam,
287 1902 380 1961 quum
400 1891 510 1954 tamen,
523 1881 548 1942 si
569 1881 632 1943 dies
652 1881 823 1965 inchoentur
843 1903 897 1961 pro
918 1904 1000 1944 more
1020 1883 1204 1957 Judaeorum,
1221 1905 1286 1945 uno

170 2023 275 2093 *atque
289 2012 391 2072 eodem
406 2011 454 2072 die
467 2021 630 2091 utrumque
643 2012 756 2073 factum
771 2013 817 2074 sit

226 2140 416 2202 (th—Tertia
429 2140 650 2203 animadversio
666 2142 785 2221 respicit
805 2141 867 2203 alia
881 2143 974 2205 verba
988 2143 1010 2205 J
1011 2164 1047 2216 o.,
1061 2164 1127 2223 quae
1140 2144 1288 2206 videntur

181 2271 351 2350 significare
364 2291 447 2350 aequo
469 2271 566 2344 modo,
581 2292 640 2350 quo
660 2292 760 2352 supra,
775 2271 797 2333 J
799 2273 896 2333 udaeos
910 2293 970 2333 non
988 2273 1150 2335 celebrasse
1164 2274 1288 2338 Pascha

183 2400 287 2461 eodem
302 2401 359 2473 die,
373 2421 432 2479 quo
446 2368 592 2474 Christus,
606 2401 657 2462 sed
671 2401 821 2480 postridie.
843 2401 892 2463 Ea
906 2412 1006 2463 autem
1020 2413 1090 2464 sunt
1104 2404 1167 2464 haec
1182 2406 1289 2483 (xviii.

183 2531 263 2608 28.):
285 2532 361 2591 Erat
381 2544 476 2592 autern
495 2553 588 2606 manc,
604 2538 629 2592 et
651 2535 710 2611 ipen
733 2554 793 2594 non
813 2535 988 2609 introierunt
1007 2536 1041 2595 tn
1056 2537 1239 2614 proetortnm,
1253 2545 1289 2599 nt

117 2684 119 2690 ·
182 2685 242 2724 non
269 2665 544 2734 contaminarentur,
570 2663 621 2724 aad
647 2670 680 2724 nt
706 2664 917 2726 manducarent
938 2665 1057 2743 pasena.
1099 2665 1171 2727 Jam
1200 2688 1287 2742 vere,

181 2793 298 2854 Pascha
312 2814 371 2854 non
385 2792 482 2853 solum
496 2801 623 2853 vocatur
635 2813 740 2872 agnus,
755 2793 807 2872 qui
820 2794 917 2873 primo
932 2794 981 2855 die
1000 2815 1175 2874 azymorum
1188 2817 1283 2858 coenae

182 2924 399 3004 adponebatur‚
415 2924 466 2983 sed
482 2923 549 2983 aliae
562 2943 680 3002 quoque
695 2924 832 2998 victimae,
847 2945 921 3003 quas
935 2945 1078 2986 unacum
1093 2945 1172 3004 agno
1186 2926 1285 3009 aliqui

180 3053 285 3114 offerre
308 3052 453 3113 solebant.
495 3051 554 3111 Hae
579 3052 708 3112 victimae
735 3051 908 3112 indicantur
934 3053 967 3112 in
990 3053 1081 3115 Deut.
1112 3055 1189 3133 (xvi.
1219 3056 1282 3133 2.):

180 3183 347 3244 Innolnbis
366 3182 463 3242 Phuse
483 3182 610 3242 Domino
631 3182 694 3243 Deo
715 3189 763 3243 tno
784 3182 820 3243 de
840 3165 937 3243 onidns
957 3190 983 3244 et
1001 3184 1037 3244 de
1051 3183 1147 3257 bobun,
1162 3196 1192 3246 et
1205 3187 1238 3245 in
1253 3187 1283 3247 2.

182 3312 251 3373 Par.
276 3311 385 3391 (xxxv.
408 3310 530 3388 7-9.):
552 3309 644 3371 Dedit
657 3317 801 3390 praterea
821 3311 918 3372 Jonas
939 3313 1018 3373 ornnt'
1032 3313 1152 3391 populo,
1167 3315 1219 3393 qni
1238 3315 1282 3375 ibt

170 3443 275 3522 suerat
287 3443 419 3502 inuentna
432 3444 465 3500 in
478 3441 653 3501 solennitate
673 3439 769 3501 Phuse
789 3461 880 3520 cynos
893 3447 918 3501 et
931 3441 1033 3502 hoedos
1047 3442 1083 3502 de
1096 3443 1241 3521 qreqr'bcm
1255 3452 1282 3505 et

178 3572 284 3652 notioni
300 3573 413 3650 pecoris
427 3571 550 3648 trtqtnta
563 3571 665 3644 mittin,
680 3571 764 3631 bourn
785 3593 894 3652 quoqne
914 3574 972 3632 tn'a
992 3574 1094 3633 millia.
1110 3621 1117 3634 .
1133 3620 1139 3634 .
1155 3621 1162 3635 .
1184 3574 1278 3635 Porro

179 3699 299 3759 Haletos
313 3706 338 3759 et
358 3698 516 3760 Zuchnrtaa
537 3706 562 3759 ct
582 3699 685 3760 Jattet
696 3701 848 3779 prinon'pes
867 3698 968 3760 domna
988 3701 1119 3776 Domini,
1135 3703 1279 3766 dederunt

178 3830 371 3891 socerdottbna
398 3829 438 3889 ad
458 3829 630 3908 factendam
656 3829 752 3891 Phaae
773 3851 880 3910 pecora
910 3805 1080 3892 conntcttrn
1107 3833 1165 3894 dno
1185 3836 1280 3895 mittin

177 3967 315 4034 sncentu,
344 3967 370 4020 et
397 3960 476 4020 boves
503 3966 644 4022 trecentos.
693 3959 859 4022 Ononcntaa
879 3967 974 4022 antem
994 3968 1020 4021 et
1039 3961 1172 4040 Senejaa
1193 3965 1279 4024 atton

180 4091 464 4170 Nuthanaetsrctres
477 4092 539 4170 ejus
553 4138 560 4152 .
575 4139 582 4152 .
598 4139 605 4153 .
619 4092 781 4154 ,dederunt
794 4094 891 4153 catena
904 4093 1012 4153 Lentis
1025 4091 1065 4152 od
1078 4092 1279 4154 cekbrandnn
