2932 4860
490 585 686 640 Dlsoursrrlo
707 586 992 629 omnmo-nmmos.

187 1089 278 1167 tiquis
299 1088 399 1166 quood
413 1087 571 1165 praefatum
592 1086 701 1159 loourn,
716 1098 869 1166 comperta
884 1107 928 1146 res
942 1094 993 1146 est.
1037 1084 1167 1162 Quodsi
1182 1086 1213 1143 in
1230 1104 1293 1144 ine

186 1217 269 1276 dium
291 1216 461 1276 adducatur
480 1216 576 1277 versio
596 1215 640 1276 M.
656 1215 793 1287 Lutheri,
807 1236 873 1293 quae
887 1215 996 1276 habet:
1016 1233 1140 1274 ussu'rurv
1159 1232 1196 1273 In
1218 1233 1292 1274 nna

186 1365 285 1418 usos,
299 1357 330 1406 et
343 1345 405 1405 alia
419 1345 455 1405 F.
480 1343 652 1417 Ostervald,
666 1366 732 1423 quae
745 1345 831 1424 ponit
850 1345 1027 1423 legendum:
1045 1363 1131 1410 naus
1145 1363 1187 1404 ns
1210 1363 1290 1404 euru

186 1493 231 1533 ua
246 1491 289 1533 LA
303 1492 430 1545 rusam
447 1473 501 1533 has
515 1474 583 1533 dico
597 1473 692 1551 magis
706 1472 884 1533 confirmare
898 1472 1143 1552 significationem
1159 1472 1205 1532 illi
1219 1473 1291 1533 looo

187 1601 423 1674 adscribendam,
438 1611 472 1662 ut
486 1621 557 1662 mox
571 1601 731 1663 videbitur.

196 1760 197 1763 ¹
228 1732 433 1793 lia—Verum
455 1732 534 1792 enim
560 1752 640 1804 vero,
655 1752 837 1810 quamquam
863 1753 901 1792 ex
923 1732 1003 1793 facto
1024 1733 1054 1792 in
1069 1733 1208 1812 catalogo
1221 1755 1291 1795 ver-

184 1862 300 1921 sionum
323 1871 493 1922 constanter
515 1861 681 1934 observato,
696 1862 752 1922 rite
771 1863 918 1922 inferatur
938 1862 986 1917 Ἐν
1001 1867 1033 1939 τῇ
1055 1867 1152 1939 καρδίᾳ
1167 1871 1219 1936 τῆς
1233 1873 1290 1938 γῆς

185 2014 244 2053 non
259 1993 427 2072 siguificare
440 1993 629 2072 sepulerum:
651 1993 682 2053 id
697 2004 808 2065 tamen,
824 2002 856 2053 ut
870 1994 932 2072 ipse
946 1994 1043 2065 video,
1057 2014 1111 2071 pro
1126 1994 1168 2053 rei
1188 1995 1290 2072 gravi-

185 2133 247 2185 tate
261 2124 342 2184 haud
356 2125 428 2184 satis
442 2144 503 2183 esse
521 2132 604 2202 puto,
619 2143 672 2183 uec
693 2144 755 2183 rern
771 2123 863 2183 nullis
884 2123 1048 2184 adversarii
1062 2122 1129 2183 telis
1143 2122 1290 2202 relinquit

184 2253 355 2313 obnoxiam.
380 2253 517 2314 Ulterius
531 2253 632 2328 itaque
646 2264 689 2314 est
702 2254 922 2332 procedendum
934 2253 1172 2332 investigatione,
1183 2254 1290 2315 viden-

185 2383 334 2460 dumque:
359 2403 431 2469 num
453 2403 524 2443 easu
552 2382 627 2443 forte
648 2382 798 2455 acciderit,
820 2384 899 2462 quod
922 2383 1109 2444 uniformitas
1130 2384 1291 2462 praedieta·

185 2533 251 2572 rum
274 2512 443 2573 versionum
464 2512 565 2590 prodit
578 2512 701 2584 facturn,
716 2533 755 2572 an
770 2522 880 2583 autem,
895 2513 939 2572 uti
960 2533 1066 2573 revera
1086 2523 1138 2586 est,
1153 2533 1191 2572 ex
1216 2534 1288 2574 eou-

184 2642 282 2714 diet0;
296 2642 374 2719 vquia
388 2641 501 2701 scilicet
514 2640 650 2720 loquutio
665 2641 713 2696 ’Et
733 2645 765 2717 τῇ
781 2645 878 2716 καρδίᾳ
894 2648 944 2713 τῆς
968 2649 1019 2715 γῆς
1044 2641 1156 2701 talibus
1170 2654 1288 2705 constet

183 2772 344 2845 elementis,
359 2752 424 2850 quae
438 2771 523 2831 nullo
541 2771 630 2831 modo
644 2770 812 2850 sepulcrum
835 2771 967 2831 indicare
981 2781 1100 2850 queant.

225 2901 384 2963 13.-Jam
400 2922 471 2963 vero
486 2921 644 2980 propugno
654 2902 884 2978 ,universitatem
898 2903 1066 2963 versionum
1082 2923 1141 2962 non
1157 2923 1226 2963 casu
1242 2904 1288 2966 lo·

182 3033 320 3112 quutioni
346 3032 476 3092 laudata
503 3053 562 3092 nou
591 3032 790 3110 adscripisisse
807 3032 1052 3110 significationem
1073 3034 1211 3112 sepulcri,
1231 3038 1286 3096 sed

184 3164 255 3243 quia
281 3162 311 3227 id
332 3162 386 3222 illa
410 3173 519 3252 natura
541 3184 595 3222 sua
617 3163 759 3223 denotare
782 3164 892 3242 nequit.
935 3164 977 3224 Et
1002 3184 1032 3223 re
1055 3165 1175 3243 quidem
1202 3187 1285 3240 vera,

183 3290 299 3370 phrasis
314 3309 377 3351 corr
390 3309 518 3363 rusam,
533 3312 598 3370 quae
616 3292 750 3352 semitioa
764 3302 816 3364 est,
831 3303 903 3352 nata
918 3313 976 3352 non
994 3303 1038 3352 est
1051 3295 1090 3353 ad
1112 3295 1284 3374 sepulcrum

182 3418 396 3493 indicandum3
417 3438 480 3480 coa
494 3422 583 3493 euim,
598 3420 764 3500 principale
778 3441 885 3481 nornen
900 3422 970 3500 ejus,
985 3423 1048 3483 sive
1061 3423 1238 3503 inspiciatur
1249 3429 1283 3487 in

180 3569 220 3622 se,
234 3550 297 3611 sive
310 3563 401 3627 prout
421 3551 613 3629 conjungitur
632 3572 698 3611 oum
721 3551 908 3613 substantivo
929 3552 1146 3615 determinante
1159 3575 1285 3632 russo,

180 3700 240 3739 non
254 3689 297 3739 est
312 3691 415 3740 natum
432 3680 470 3739 ad
485 3680 653 3759 sepulerum
668 3681 907 3758 significandum.
943 3683 1034 3757 Quod
1048 3683 1104 3743 hoc
1119 3684 1162 3744 ita
1177 3706 1283 3764 reapse

178 3810 227 3881 sit,
240 3810 282 3870 sio
296 3810 434 3870 ostendo:
454 3806 489 3873 15
506 3810 553 3870 vel
569 3829 669 3870 uesson
682 3810 798 3887 (10.),a
813 3831 872 3889 quo
886 3810 1106 3874 substantivum
1119 3832 1183 3874 coa
1193 3836 1281 3876 suam

180 3941 273 4001 habet
287 3941 440 4019 originem,
455 3941 487 3999 in
502 3941 663 4002 universali
680 3961 733 4002 suo
756 3962 810 4001 usu
835 3942 882 4002 vel
905 3943 1024 4021 proprie
1046 3943 1216 4019 adhibetur,
1231 3948 1282 4008 vel
