2932 4860
489 568 685 623 msomsrrro
706 569 991 615 onmrconmmcn

186 1082 282 1133 morte
295 1073 334 1133 ad
356 1073 611 1148 resurrectionem,
626 1073 752 1153 ideoque
766 1082 831 1134 tum
852 1084 978 1152 tempus,
993 1093 1052 1152 quo
1066 1071 1125 1132 fuit
1138 1072 1170 1131 in
1192 1071 1294 1151 sepul·

185 1223 244 1276 cro,
258 1212 324 1263 tum
339 1202 426 1277 illud,
441 1204 521 1282 quod
535 1202 720 1283 sepulturam
735 1204 892 1283 praecessit,
907 1213 1045 1282 utsupra
1059 1201 1133 1263 dixi.
1248 1256 1253 1266 .

226 1333 472 1407 44.-Praeterea,
487 1334 559 1394 dato
573 1334 653 1412 quod
667 1333 835 1413 praepositio
849 1337 920 1402 μετὰ
934 1354 1002 1393 cum
1014 1333 1186 1393 accusativo
1197 1331 1292 1411 signi·

185 1460 253 1523 ficet
266 1461 365 1535 finem,
380 1462 630 1542 complementum
644 1483 651 1534 ;
672 1461 772 1523 adhuc
792 1482 853 1522 non
874 1462 1017 1541 sequitur,
1031 1461 1134 1541 phrasi
1150 1467 1217 1539 poet
1231 1466 1291 1520 tres

186 1594 247 1653 dica
276 1592 377 1654 venire
405 1602 471 1671 post
497 1591 774 1671 septuagintaduas
798 1591 895 1653 horas.
939 1589 1088 1667 Quamvis
1108 1589 1198 1662 euim,
1214 1610 1293 1669 prae-

185 1724 267 1785 dicta
287 1723 469 1802 loquutione,
483 1722 629 1783 secundus
643 1731 673 1783 et
686 1721 792 1783 tertius
811 1721 873 1782 dies
894 1721 1082 1801 concipiendi
1096 1728 1192 1781 esseut
1212 1721 1291 1781 inte

183 1854 239 1934 gri,
254 1864 284 1913 et
306 1852 363 1913 hoc
384 1851 566 1925 necessari03
587 1859 712 1930 uterque
735 1852 815 1912 euim
837 1851 1043 1930 conciperetur
1064 1850 1151 1910 initio
1173 1858 1204 1911 et
1225 1849 1289 1911 fine

184 1993 339 2044 constans:
361 1991 462 2043 tamen
476 1983 599 2061 primus,
614 2003 707 2062 quum
728 1992 826 2062 posset
845 1983 923 2044 sumi
936 2003 991 2062 pro
1005 1981 1053 2043 die
1069 1983 1134 2062 jam
1155 1981 1290 2062 incepto,

110 2121 111 2124 ’
185 2113 255 2173 hinc
282 2113 346 2173 sine
373 2111 468 2186 initio,
495 2132 555 2172 non
583 2113 746 2173 necessario
777 2112 893 2174 veniret
920 2112 1131 2192 concipiendus
1158 2113 1287 2192 integer.

183 2242 268 2302 Hinc
282 2249 349 2320 poet
369 2247 425 2301 tres
445 2240 514 2315 dieo,
526 2261 579 2319 per
598 2261 638 2315 se,
652 2249 775 2320 possunt
794 2241 925 2320 intelligi
945 2242 1037 2303 etiam
1057 2241 1289 2322 quinquagintae

182 2372 263 2432 horae
282 2371 325 2431 sic
345 2369 520 2444 distributae,
534 2378 569 2431 ut
589 2369 655 2429 duae
668 2370 708 2430 ad
727 2370 856 2449 primam
876 2370 1046 2449 pertineant
1066 2370 1146 2431 diem
1160 2380 1191 2431 et
1211 2391 1289 2450 qua·

182 2501 402 2581 draginta-octo
424 2500 464 2560 od
486 2499 616 2579 reliquas
638 2501 721 2561 duas.
763 2499 834 2561 Hoc
855 2499 993 2561 similiter
1013 2509 1098 2579 patet
1119 2510 1149 2562 et
1171 2521 1211 2561 ex
1226 2521 1285 2562 usu

182 2633 366 2713 quotidiano,
381 2642 463 2693 etex
477 2632 587 2712 effugio
601 2653 620 2692 a
634 2631 670 2693 cl.
686 2631 857 2694 adversario
877 2631 1023 2706 adhibito,
1037 2631 1168 2712 ponendi
1185 2634 1286 2713 sepul-

181 2772 283 2824 turam
297 2763 337 2823 ad
357 2782 494 2823 occasum
516 2761 576 2822 diei
596 2760 741 2822 Mercurii
762 2771 792 2823 et
813 2762 1059 2822 resurrectionem
1078 2762 1118 2823 ed
1143 2782 1284 2824 occasum

185 2895 245 2955 diei
258 2893 394 2965 Sabbati,
409 2901 443 2952 ut
456 2891 526 2952 inde
539 2891 670 2966 inferret,
684 2891 838 2953 Christum
859 2891 1180 2972 septuagintaduabus
1201 2893 1286 2955 horis

182 3023 324 3118 mansisse
337 3022 369 3083 in
389 3021 542 3101 sepulcro;
563 3042 599 3082 ac
621 3022 746 3101 proinde
767 3023 1044 3102 septuagintaduaa
1067 3024 1156 3084 horas
1177 3024 1285 3086 venire

181 3153 283 3234 phrasi
294 3158 358 3231 port
371 3159 427 3212 trea
440 3151 509 3212 dieo.
552 3151 669 3213 Verum
682 3161 763 3226 tunc,
778 3173 840 3214 non
852 3152 999 3232 probatur
1019 3153 1149 3233 amplius
1163 3164 1284 3234 tempus

180 3283 340 3363 sepulturae
367 3281 479 3342 Christi
507 3290 630 3360 quotum
648 3276 750 3342 ¹fuerit
777 3303 816 3341 ex
843 3281 897 3343 illo
923 3282 998 3358 loco,
1020 3282 1072 3344 sed
1099 3284 1283 3363 significatio

180 3412 278 3472 eidem
292 3411 357 3472 loco
371 3410 569 3472 adscribenda
582 3412 706 3486 eruitur,
717 3420 747 3473 et
760 3412 906 3492 probatur
920 3434 958 3474 ex
972 3423 1105 3494 tempore
1118 3415 1284 3496 sepulturae

179 3540 301 3602 Christi.

219 3669 376 3744 tlh—Ast,
391 3670 538 3750 quidquid
558 3671 598 3732 sit
618 3671 656 3733 de
676 3671 742 3746 hoc,
760 3693 837 3753 nego
857 3675 1094 3754 praepositionem
1115 3679 1187 3744 μετὰ
1208 3697 1280 3738 cum

178 3798 350 3861 accusativo
364 3808 482 3860 tentum
504 3801 647 3862 denotare
659 3801 767 3876 finem;
788 3803 972 3864 contrarium
993 3804 1074 3865 enim
1093 3805 1204 3865 summi
1218 3805 1282 3867 viri

177 3939 347 3993 tenuenmt.
388 3932 432 3993 Et
445 3953 478 3993 re
491 3933 611 4012 quidem
634 3955 714 4009 vero,
728 3934 751 3996 J
752 3956 778 3998 o.
799 3934 947 4016 Georgius
967 3936 1185 4013 Rosenmiiller‚
1199 3949 1282 4018 post-
