2932 4860
181 573 239 635 171
484 591 680 646 n1squ1s1‘r10
700 591 986 636 cmmoomnmcs.

180 967 281 1027 vooari
290 967 538 1045 properatiooen
555 965 713 1046 paschatis,
726 969 753 1027 ei
765 969 808 1028 oio
821 968 895 1028 eoois
914 974 1073 1045 optumum
1094 985 1182 1026 nemo
1199 973 1288 1042 *certo

180 1098 281 1158 vincet
294 1097 326 1158 id
347 1097 509 1178 significari
529 1099 611 1178 apud
632 1097 680 1160 Jo.
698 1099 776 1178 (xix.
792 1098 864 1177 14).
906 1097 934 1158 Ε
956 1098 1116 1171 contrario,
1130 1096 1210 1176 quod
1233 1095 1285 1156 hic

180 1227 300 1288 denotet
314 1226 391 1288 diem
419 1227 546 1301 Venerio,
560 1227 796 1308 requiritur-a)
811 1248 849 1288 ex
872 1227 1007 1289 absentia
1028 1227 1223 1305 articuli-b)
1244 1247 1285 1288 ex

182 1358 344 1438 interprete
357 1357 442 1438 Syro,
457 1359 509 1438 qui
524 1380 579 1439 pro
593 1367 755 1434 παρασκευὴ
771 1360 803 1419 in
816 1360 874 1420 hoo
887 1359 962 1434 loco,
977 1380 1060 1438 aeque
1074 1381 1110 1421 eo
1123 1359 1156 1419 in
1171 1360 1288 1420 coeteris

180 1507 272 1567 supra
286 1486 423 1549 adductis
437 1487 569 1549 reddidit
583 1505 755 1549 senueros
764 1488 852 1566 (25.),
864 1488 944 1567 quod
958 1487 1041 1567 Syris
1055 1497 1099 1549 est
1113 1487 1176 1548 die
1195 1486 1299 1553 Vane·

179 1619 290 1698 rie-o)
312 1639 351 1680 ex
372 1619 522 1680 mentione
534 1619 615 1680 horse
629 1640 648 1680 a
661 1618 710 1681 Jo.
725 1619 815 1693 foeta,
829 1618 902 1680 horo
921 1626 1009 1694 sexto,
1024 1619 1087 1698 (vel
1101 1618 1174 1679 horo
1187 1621 1284 1691 mmm,

179 1750 257 1812 siout
270 1750 409 1813 nonnulli
423 1750 538 1811 codices
551 1749 691 1829 habent),
705 1770 770 1830 quae
788 1749 864 1810 diem
885 1749 1042 1830 signifieat,
1056 1759 1086 1811 et
1108 1769 1167 1810 non
1188 1770 1285 1828 uespe-

180 1902 265 1952 ram3
284 1881 348 1941 haeo
368 1881 446 1941 enim
468 1879 550 1959 apud
571 1878 693 1941 Judaeos
720 1879 841 1940 initium
861 1879 1007 1941 sumebat·
1026 1879 1066 1940 ab
1093 1878 1166 1939 liora
1192 1899 1284 1939 norro.

180 2009 287 2089 Neque
308 2009 427 2070 dicetur
441 2015 617 2084 παρασκευὴν
638 2007 678 2068 od
702 2007 904 2087 insequentem
929 2007 1008 2068 diem
1034 2013 1128 2084 σχέσιν
1150 2007 1284 2081 habere;

181 2161 277 2220 neque
299 2141 379 2201 enim
401 2140 432 2199 in
455 2138 516 2200 illis
537 2138 666 2214 ejusdem
689 2137 738 2201 Jo.
761 2138 861 2200 verbis
885 2140 937 2196 Διὰ
960 2144 1008 2214 τὴν
1031 2145 1208 2214 παρασκευὴν
1229 2146 1287 2195 τῶν

179 2271 320 2328 Ἰσυὸίσων
335 2268 400 2330 ulla
420 2273 518 2346 σχέσις
538 2277 591 2342 est,
605 2268 723 2330 tametsi
743 2267 853 2345 potiori
873 2268 990 2329 ratione
1011 2267 1043 2329 id
1056 2268 1140 2329 fieret
1161 2268 1193 2328 in
1214 2268 1284 2342 hoo,

181 2420 271 2480 quem
286 2400 318 2460 in
331 2398 385 2460 illo
399 2398 473 2472 looo,
488 2397 559 2478 quia
573 2398 605 2457 in
619 2397 676 2459 hoe
690 2396 835 2458 articulus
855 2396 976 2477 subjicit
992 2399 1107 2459 nomini
1127 2399 1283 2460 notionem

175 2531 413 2611 properationis,
427 2529 466 2590 ab
481 2528 535 2590 illo
548 2549 620 2591 vero
635 2528 698 2590 haeo
711 2528 794 2590 notio
809 2527 990 2603 excluditur,
1005 2528 1128 2590 absente
1141 2529 1283 2591 articulo.

222 2659 467 2724 79.-·Conoludo
480 2660 583 2739 itaque
597 2679 664 2720 oum
680 2659 780 2720 verbis
801 2659 948 2720 Booharti
964 2659 1027 2739 (op.
1042 2660 1091 2722 cit.
1106 2660 1161 2722 eol.
1177 2660 1285 2737 567.):

180 2792 254 2854 Dies
284 2792 401 2856 Venerit
422 2796 582 2866 παρασκευὴ
605 2790 758 2851 orabatur
779 2789 816 2850 ab
836 2789 978 2867 Hebraet'e,
998 2797 1024 2852 ei
1045 2797 1209 2866 παρασκευὴ
1230 2800 1283 2850 τοῦ

182 2927 275 2998 πάσχα
289 2919 353 2995 (J0.
367 2920 423 2982 loo.
438 2919 502 2998 cit.)
518 2920 596 2980 dioto
610 2920 674 3000 fuit
694 2920 748 2980 illo
770 2919 831 2981 dieo
859 2920 986 2993 Veneris,
1001 2942 1059 3002 quo
1073 2921 1137 2998 soit
1157 2921 1286 3015 ΡασσΙισ,

179 3049 283 3110 seilicet
302 3050 401 3128 prima
422 3047 484 3109 dieo
505 3048 687 3128 Azymorum,
702 3071 765 3126 quoe
789 3070 854 3110 eom
866 3070 945 3110 ooeoo
962 3049 1098 3129 punctuli
1115 3052 1286 3130 temptabat,

116 3254 117 3257 Ἴ
180 3177 318 3258 quomodo
339 3178 496 3238 Dorniuioo
516 3177 634 3239 Poseltoe
656 3179 700 3239 vel
718 3179 875 3240 Domim'oo
894 3179 1068 3242 Penteoostee
1087 3180 1205 3256 dieitur,
1220 3203 1284 3262 quoe

179 3308 323 3367 emicuerit
336 3327 401 3366 oum
415 3307 488 3387 festo
510 3306 629 3368 Poooltoe
642 3308 686 3368 oel
708 3306 890 3370 Pentecosten.
931 3306 1047 3370 Verum
1063 3308 1113 3371 Jo.
1130 3309 1200 3388 (loo.
1215 3311 1282 3388 eit.)

180 3440 262 3515 dicit,
277 3439 430 3502 Christum
445 3440 502 3500 hee
517 3439 565 3500 die
579 3439 669 3501 fuisse
689 3449 851 3501 mortuum.
876 3440 961 3520 Ergo
975 3449 1152 3519 argumento
1166 3440 1280 3503 biblico

180 3581 281 3633 monet
295 3571 513 3663 confirmatum,
528 3570 608 3631 diem
623 3569 751 3650 primum
767 3570 962 3650 Azymorum,
977 3589 1037 3650 qua
1058 3569 1195 3632 Christus
1216 3572 1280 3633 ani·

180 3722 260 3762 mam
275 3699 441 3774 exhalavit,
454 3699 592 3760 incidisse
606 3720 640 3760 eo
654 3720 735 3761 anno
747 3700 781 3760 in
795 3700 872 3760 diem
892 3700 1019 3764 Venerio.

220 3831 387 3909 ild-Quae
400 3850 493 3910 quum
507 3829 552 3890 ita
564 3829 633 3903 sint,
648 3829 718 3890 licet
732 3828 946 3908 disquisitionis
967 3829 1056 3908 hujus
1069 3828 1140 3890 vela
1157 3829 1201 3890 sio
1214 3850 1282 3891 oon·

178 3960 485 4024 trahere-Christus
508 3959 587 4020 inter
619 3959 698 4019 diem
724 3956 814 4019 XIV.
840 3959 948 4019 mensis
971 3958 1094 4019 Nisanis
1119 3967 1280 4021 exeuntem

421 4236 434 4301 l
