2932 4860
526 605 721 658 Dlsqmsrrlo
742 603 1027 647 cRI'rloo-BIBLIOA.

228 999 309 1050 vero,
323 979 427 1038 adlata
448 979 541 1039 verba
560 987 631 1040 sunt
644 966 710 1057 post
730 978 959 1056 descriptionem
979 976 1155 1054 sepultnrae3
1177 975 1327 1055 hujusque

228 1109 271 1168 rei
293 1119 388 1187 potest
409 1129 469 1168 esse
490 1109 576 1182 ratio,
591 1109 662 1188 quia
683 1109 745 1187 ipse
765 1109 863 1168 voluit
883 1107 1016 1168 indicare
1037 1128 1095 1167 non
1117 1116 1243 1184 tempus,
1265 1125 1325 1184 quo

228 1239 306 1298 actio
320 1238 482 1317 sepeliendi
495 1238 647 1298 Christum
668 1238 788 1316 incepit,
802 1237 853 1297 sed
867 1258 926 1315 quo
947 1236 1096 1315 completa
1110 1236 1176 1296 fuit.
1218 1234 1276 1294 Sed
1292 1244 1327 1294 nt

228 1369 391 1448 probarent
405 1369 485 1447 quod
500 1368 535 1428 el.
550 1368 740 1429 adversarius
755 1367 892 1431 intendit.
907 1367 1068 1427 certissime
1082 1374 1217 1426 constare
1238 1364 1326 1424 debe-

227 1509 273 1560 ret
297 1500 451 1579 imprimis,
475 1519 510 1558 ca
534 1479 667 1558 iudicare
691 1509 808 1577 tempus
832 1499 939 1576 ipsum,
960 1518 1019 1576 quo
1043 1496 1181 1557 Christus
1203 1497 1328 1575 ooeperit

226 1629 354 1708 sepeliri.
854 1700 859 1707 Ι

268 1758 448 1820 98.-Nunc
459 1759 495 1818 de
506 1758 578 1818 horu
586 1759 807 1818 resurrectionis.
828 1757 923 1818 Tenet
934 1758 1082 1818 Dominus
1093 1756 1230 1827 Watson,
1239 1755 1329 1816 Obri-

227 1897 306 1949 stum
322 1889 516 1948 resurrexisse
536 1886 717 1948 adamussim
739 1888 823 1949 finito
844 1887 892 1948 die
913 1887 1048 1948 Sabbati.
1090 1886 1165 1965 Ejus
1186 1886 1329 1966 probatio

227 2019 270 2078 sic
281 2017 431 2096 procedit:
448 2017 561 2095 “Apud
573 2015 683 2077 Matth.
700 2016 821 2093 (xxviii.
835 2017 936 2094 1-6.)
953 2017 1076 2095 legitur:
1099 2016 1218 2094 Vespere
1231 2023 1332 2075 uuum

227 2147 355 2220 Sabbati,
370 2169 432 2228 quaoe
454 2149 566 2208 luemcit
579 2151 612 2208 iu
630 2150 731 2226 primu
752 2148 872 2208 sunau
892 2150 967 2207 uenit
990 2148 1091 2207 Maria
1111 2147 1288 2226 Mapduleue
1303 2154 1332 2207 ct

229 2279 321 2338 ultera
335 2279 446 2350 Mario,
457 2277 553 2338 uidm
566 2277 735 2356 sepulcrum
751 2325 757 2337 .
774 2326 780 2337 .
797 2325 803 2338 .
818 2277 950 2356 Aupelua
964 2277 1039 2337 dixu
1049 2277 1237 2338 mulieribus:
1258 2276 1333 2338 Non

228 2410 476 2481 cathecumeni
497 2413 583 2481 cutm,
597 2411 670 2469 unat
690 2409 772 2469 dreit
815 2408 898 2488 Ergo
919 2410 958 2469 ad
980 2408 1143 2470 adventum
1165 2409 1332 2469 mulierum

229 2537 367 2599 Christus
383 2540 447 2616 jam
470 2547 681 2598 resurrexerat.
723 2537 781 2598 Sed
805 2536 943 2598 mulieres
963 2537 1145 2598 adamussim
1166 2537 1251 2598 finito
1278 2538 1334 2599 die

228 2666 355 2726 Sabbati
371 2676 516 2727 venerant
528 2667 568 2726 ad
589 2665 768 2745 sepulcrum.
791 2665 889 2744 Igitur
909 2666 1079 2739 dicendum,
1094 2667 1174 2745 quod
1191 2667 1333 2729 adamus

228 2796 284 2856 sim
299 2795 384 2856 finito
398 2795 447 2855 die
467 2794 594 2857 Sabbati
608 2795 746 2887 Christus
767 2796 957 2855 resurrexit.”
1001 2794 1092 2872 Quod
1107 2794 1244 2856 mulieres
1258 2797 1334 2858 ada-

231 2927 352 2986 mussim
374 2926 459 2986 finito
480 2925 528 2985 die
542 2924 668 2985 Sabbati
689 2926 800 2986 iverint
820 2925 859 2985 ad
880 2925 1060 3004 sepulerum,
1075 2927 1184 3006 probat
1204 2927 1275 3004 quia
1298 2929 1332 2988 in

230 3068 316 3119 textu
331 3057 437 3117 Graeco
452 3057 561 3135 legitur
577 3061 639 3127 ὀψέ,
654 3077 713 3136 quo
728 3057 901 3117 indicantur
916 3058 1009 3136 juxta
1022 3057 1119 3136 ipsum
1137 3068 1196 3118 tres
1217 3058 1334 3137 priores

231 3190 313 3250 horae
326 3187 681 3249 noctis-Diversimode
702 3206 773 3247 sane
787 3207 900 3265 possem
916 3188 987 3246 huic
1007 3188 1184 3266 respondere
1204 3187 1334 3248 difficul-

232 3320 298 3392 tati,
312 3319 363 3379 sed
385 3319 502 3379 fortiter
522 3318 629 3378 timens
646 3338 684 3377 ne
706 3318 760 3376 sim
783 3317 851 3376 aliis
865 3317 962 3389 taedio,
977 3317 1108 3379 breviter
1121 3317 1205 3379 dico:
1226 3318 1250 3379 si
1266 3323 1334 3394 ὀψέ,

231 3450 424 3511 indivisibilis
447 3459 529 3522 esset,
544 3458 608 3509 tota
629 3448 849 3527 argumentatio
872 3467 943 3508 vera
965 3447 1153 3526 procederet3
1173 3448 1283 3508 etenim
1300 3451 1334 3510 in

232 3582 289 3643 tali
310 3602 390 3654 casu,
411 3590 593 3641 momentum
617 3581 783 3658 praecedens
805 3585 867 3652 ὀφέ,
889 3599 980 3658 quum
1006 3580 1169 3658 pertineret
1190 3580 1229 3640 ad
1250 3579 1333 3641 diem

232 3712 456 3791 praecedentem,
468 3711 492 3771 si
508 3715 561 3779 ὀφέ
570 3711 636 3788 jam
647 3710 784 3770 Christus
795 3720 1006 3782 resurrexerat,
1017 3711 1122 3790 procul
1133 3710 1226 3771 dubio
1237 3733 1335 3774 resur-

230 3841 321 3901 rectio
349 3849 423 3900 esset
451 3838 648 3899 adscribenda
669 3839 787 3899 occasui
815 3839 874 3899 diei
895 3838 1029 3899 Sabbati.
1071 3838 1129 3900 Sed
1155 3845 1217 3912 ὀψέ,
1237 3841 1333 3920 juxta

231 3973 330 4051 ipsum
345 3969 461 4043 advers,
475 3979 592 4030 constat
605 3968 701 4029 tribus
721 3969 811 4043 horis,
825 3990 896 4049 ergo
918 3970 1027 4030 ultima
1046 3973 1256 4050 consequentia
1270 3993 1335 4035 non
