2932 4860
486 589 682 644 Dlsoulsmo
702 589 986 634 calamo-ammon.

184 1247 274 1306 quam
290 1225 383 1287 verba
396 1223 492 1286 Mare.
509 1223 578 1303 (loc.
593 1223 657 1300 eit.)
675 1223 752 1280 Μετὰ
769 1233 849 1297 τρεῖς
862 1227 971 1298 ἡμέρας
981 1227 1129 1305 ἀναστῆναι
1144 1225 1290 1286 traduxit

181 1356 263 1416 tertio
278 1355 389 1416 diesen
405 1357 485 1415 intra
498 1355 638 1428 induam,
651 1353 755 1415 subdit
776 1374 830 1433 pro
848 1353 1074 1416 confirmatione
1091 1375 1152 1416 sua
1174 1357 1292 1419 versio·

183 1486 245 1580 nis:
288 1485 431 1546 “Profani
446 1505 563 1563 quoque
577 1493 713 1546 auctores
727 1487 759 1540 τό
774 1488 846 1553 μετὰ
859 1483 962 1545 eodem
978 1486 1067 1546 modo
1081 1496 1239 1562 usurpant,
1254 1495 1289 1549 et

182 1619 240 1680 hoc
253 1639 321 1678 cum
336 1618 427 1678 sacris
441 1636 599 1678 commune
612 1615 735 1690 hahent,
749 1625 784 1676 ut
797 1635 912 1677 annum
926 1588 1065 1695 diemque
1084 1616 1239 1696 inceptum
1253 1628 1288 1679 et

182 1747 283 1810 adhuc
296 1756 464 1809 currentem
479 1767 534 1826 pro
555 1746 702 1825 completo
716 1755 746 1806 et
762 1755 869 1807 exacto
891 1755 1056 1807 numerent.
1097 1745 1289 1808 Indubitatis

181 1899 197 1940 c
211 1879 233 1941 J
234 1878 344 1958 osapho
359 1877 504 1957 exemplis
517 1898 584 1938 eam
598 1877 662 1938 vim
676 1876 892 1956 praepositionis
913 1877 1068 1938 certiorem
1085 1877 1169 1939 dedit
1184 1877 1291 1939 Kreb·

179 2011 250 2084 sius,
263 2020 294 2071 et
316 2018 386 2070 ante
407 2010 506 2088 ipsum
528 2008 688 2070 Fischerus
709 2008 742 2067 in
765 2008 917 2071 animadv.
932 2009 971 2069 ad
994 2007 1098 2071 (iram.
1124 2009 1227 2071 Vuell.
1255 2033 1287 2090 p.

93 2115 95 2118 Ι
182 2148 250 2210 375.
265 2146 318 2208 ubi
331 2146 505 2209 Scholiasta
521 2146 735 2226 Aristophanis
748 2147 788 2207 ad
803 2145 885 2207 Plut.
900 2147 1080 2208 auctoritate
1094 2147 1189 2222 docet,
1203 2149 1289 2210 hanc

181 2276 301 2339 dicendi
315 2277 453 2350 formam,
467 2278 530 2346 μεθ’
545 2281 649 2351 ἡμέραν
664 2276 783 2338 dicatur
796 2297 851 2356 pro
867 2281 893 2334 ἐν
914 2282 1013 2353 ἡμέρᾳ,
1027 2277 1139 2339 Atticis
1158 2279 1289 2357 scripto-

180 2408 264 2470 ribus
279 2409 431 2488 propriam
446 2428 515 2468 esse.
556 2407 607 2468 Sic
620 2416 650 2468 et
664 2407 755 2468 Philo
767 2428 843 2486 saepe
860 2418 995 2488 usurpat,
1009 2418 1044 2470 ut
1058 2407 1225 2470 Loesnerus
1240 2431 1289 2472 os·

180 2538 305 2600 tendit.'’
347 2537 505 2599 Hactenus
519 2537 735 2598 Rosenmiiller.
763 2537 828 2599 Ubi
842 2547 872 2599 et
885 2537 962 2598 illud
976 2538 1153 2614 notandum,
1166 2549 1290 2601 senten·

179 2668 264 2741 tiam,
284 2687 375 2744 quam
403 2666 453 2727 hic
480 2687 637 2746 propugno
664 2665 702 2727 de
720 2667 938 2746 significatione
958 2669 1174 2747 praepositionis
1200 2677 1288 2747 μετὰ,

181 2797 270 2859 inniti
284 2818 345 2858 non
359 2806 479 2858 tantum
499 2797 673 2858 auctoritati
695 2797 783 2858 unius
805 2797 1023 2873 Rosenmiiller,
1038 2799 1089 2860 sed
1103 2808 1134 2861 et
1148 2800 1288 2878 Krebsii,

180 2927 326 3000 Fischeri,
340 2936 370 2989 et
391 2927 543 3000 Loesneri,
557 2928 608 3006 qui
629 2931 702 2997 μετὰ
715 2928 786 2988 tuiti
806 2937 876 2989 sunt
897 2950 952 3009 pro
968 2934 994 2987 ἐν
1015 2929 1055 2991 ab
1068 2931 1180 2993 Atticis
1194 2935 1286 3010 sumi,

178 3060 251 3138 quia
272 3060 316 3119 ita
335 3068 488 3137 acceptam
509 3036 573 3118 eam
596 3058 739 3119 viderunt
762 3079 781 3118 a
804 3058 947 3137 Josepho,
962 3059 1100 3134 Philone,
1114 3059 1288 3124 Scholiasta

179 3188 385 3264 Aristophane
398 3196 428 3249 et
446 3187 598 3249 Plutarco.
640 3187 798 3263 Praeterea,
816 3155 873 3250 do..
895 3188 1029 3251 Frieder.
1057 3189 1236 3252 Schlcnsner
1252 3193 1285 3254 in

180 3319 294 3380 Lexico
308 3318 511 3398 graecolatino
524 3317 564 3379 N.
579 3317 613 3380 Τ.
628 3319 666 3379 ad
688 3339 791 3380 vocem
813 3324 894 3394 μετὰ,
908 3330 1066 3400 postquam
1082 3322 1125 3400 (n.
1142 3321 1184 3400 1.)
1198 3323 1288 3385 dixe·

178 3457 245 3510 rat:
288 3449 387 3504 “Mera
408 3469 477 3509 cum
501 3449 682 3514 accusativo.
705 3449 731 3508 si
755 3458 872 3529 tempus
894 3450 1017 3524 indicat,
1031 3450 1181 3530 significat
1195 3453 1287 3531 μηθ’

179 3578 266 3640 addit
281 3579 324 3656 (n.
339 3577 382 3656 4.)
397 3578 476 3639 hanc
491 3576 737 3639 observationem.
780 3579 879 3634 “Mera
893 3588 1056 3658 usurpatur
1075 3581 1128 3655 ita,
1143 3591 1178 3642 ut
1191 3582 1288 3661 signi·

179 3707 248 3768 ficet
258 3707 357 3785 ipsum
371 3715 497 3786 tempus,
509 3726 568 3784 quo
582 3706 655 3785 quid
670 3706 781 3767 dicitur
795 3707 946 3782 accidisse,
957 3728 1017 3768 non
1031 3729 1220 3788 consequens,
1229 3713 1284 3773 sed

177 3837 367 3917 interjectum
392 3845 518 3917 tempus,
538 3844 657 3916 tempus
680 3856 741 3896 non
766 3836 894 3912 finitum,
915 3838 967 3899 sed
991 3839 1092 3899 adhuc
1116 3838 1240 3914 dirrans,
1256 3851 1290 3904 ct
