2932 4860
183 559 242 620 209
484 575 678 631 orsoursrrro
699 576 985 622 camcosmmcs.

183 1078 337 1140 descendit
359 1079 500 1159 legitime.
542 1078 620 1140 Sane
640 1099 733 1158 quum
760 1083 814 1149 ὀφέ
837 1079 950 1142 indicet
972 1089 1032 1142 tres
1056 1080 1169 1161 priores
1193 1079 1288 1141 horas

181 1209 285 1284 noctis,
299 1210 438 1271 mulieres
464 1210 566 1272 venire
589 1219 751 1289 potuerunt
772 1209 812 1270 ad
834 1209 1014 1289 sepulcrum,
1036 1209 1084 1271 vel
1108 1210 1216 1289 prima,
1231 1208 1283 1271 vel

183 1337 323 1411 secunda,
334 1338 382 1399 vel
394 1339 483 1398 tertia
498 1337 586 1411 hora3
601 1339 633 1397 in
647 1338 712 1398 loco
723 1338 815 1398 citato
826 1339 905 1399 enim
921 1339 963 1399 nil
974 1348 1018 1399 est
1029 1338 1265 1400 determinatum
1275 1357 1283 1412 ;

182 1490 218 1529 ac
231 1469 357 1548 proinde
371 1468 508 1530 Christus
522 1470 621 1548 potuit
634 1489 788 1548 resurgere
801 1478 872 1530 ante
888 1490 989 1530 earum
1005 1469 1179 1542 adventum,
1194 1478 1225 1530 et
1238 1479 1284 1530 ta-

119 1645 122 1652 .
182 1620 249 1660 men
264 1599 385 1678 quando
399 1608 464 1659 erat
483 1603 537 1669 ὀψέ
550 1599 609 1659 diei
630 1599 734 1680 primae
754 1599 958 1662 hebdomadis.
1000 1600 1084 1680 Ergo
1098 1621 1136 1661 ex
1151 1621 1185 1661 eo
1200 1600 1285 1680 quod

181 1730 320 1792 mulieres
343 1735 396 1800 ὀφέ
417 1730 507 1790 ierint
534 1729 573 1790 ad
594 1730 774 1811 sepulcrum,
794 1731 1022 1810 invenerintque
1042 1730 1196 1792 Christum
1215 1731 1284 1810 jam

182 1859 384 1932 resurrexisse,
398 1878 458 1919 non
472 1860 606 1937 sequitur
617 1860 861 1920 resurrectionem
876 1869 1029 1940 operatam
1040 1860 1129 1921 fuisse
1140 1860 1283 1921 adamus·

180 1989 236 2050 sim
250 1987 335 2070 finito
350 1987 399 2048 die
411 1987 546 2049 Sabbati.
588 1988 632 2050 Et
645 1990 710 2064 hoc,
725 1999 835 2070 repeto,
845 1991 1019 2071 accipiendo
1030 1992 1208 2054 adverbium
1224 1996 1283 2062 ὀψέ

181 2128 271 2199 prout
284 2117 453 2178 adsumitur
466 2140 484 2178 a
498 2119 534 2178 cl.
549 2119 738 2193 adversari03
759 2121 868 2181 etenim
889 2121 928 2182 de
940 2141 975 2183 eo
988 2121 1051 2202 ipse
1071 2121 1159 2183 aliter
1172 2123 1284 2198 sentio,

180 2269 240 2310 non
254 2258 354 2310 tamen
369 2257 490 2328 praestat
503 2249 534 2309 id
549 2249 615 2310 heic
628 2250 805 2328 expendere.

220 2377 443 2440 llll—Tandem
458 2379 495 2439 de
508 2377 649 2439 Sabbatis
663 2379 811 2440 Dominus
825 2377 954 2442 Watson
967 2380 1027 2442 ait:
1049 2379 1090 2443 “J
1090 2380 1167 2442 udasi
1181 2381 1277 2443 hube-

179 2506 254 2568 bant
268 2507 386 2567 circiter
397 2507 523 2584 triginta
536 2506 671 2567 Sabbata
684 2507 715 2567 in
730 2527 809 2568 anno
823 2509 962 2569 addenda
972 2509 1192 2590 quinquaginta
1202 2512 1280 2574 duo·
1332 2580 1335 2585 ,

179 2637 236 2699 bus
249 2637 369 2716 proprie
382 2637 478 2698 dictis.
500 2636 592 2699 Num.
608 2638 730 2715 (xxviii.
746 2639 792 2699 18.
809 2638 855 2698 25.
872 2637 928 2712 26„
942 2639 1029 2699 xxix.
1045 2639 1072 2699 l.
1087 2640 1114 2700 7.
1130 2639 1176 2699 12.
1197 2639 1275 2717 35),

180 2767 255 2828 Lev.
284 2766 385 2845 (xxiii
414 2766 472 2840 32„
497 2767 583 2828 xxvi.
612 2768 639 2827 2.
667 2767 714 2827 34.
743 2768 790 2828 35.
818 2767 891 2845 43.).
933 2767 1009 2828 Haec
1035 2766 1170 2829 Sabbata
1188 2778 1281 2830 erant

179 2897 304 2959 mobilia
315 2920 322 2971 ;
349 2906 380 2958 et
392 2905 525 2976 tempore
538 2906 651 2976 septem
665 2918 812 2958 annorum
831 2898 1005 2959 incidebant
1018 2898 1050 2958 in
1063 2898 1196 2978 singulos
1209 2899 1277 2960 dies

180 3025 390 3087 hebdomadis:
416 3025 486 3085 hinc
507 3026 687 3104 quandoque
706 3025 789 3086 fuere
809 3026 869 3086 duo
890 3025 1024 3087 Sabbata
1044 3027 1077 3086 in
1097 3027 1201 3087 eadem
1215 3027 1282 3103 die,

179 3155 431 3235 quemadmodum
444 3155 555 3216 Matth.
568 3155 634 3232 (xil
647 3156 703 3233 1.):
718 3156 759 3216 Iu
771 3156 822 3216 illo
832 3149 955 3236 tempore
966 3157 1038 3217 abiit
1051 3157 1137 3218 Jesua
1146 3178 1202 3236 per
1211 3167 1279 3220 acta

179 3286 310 3360 Sabbata,
324 3286 377 3346 ubi
392 3284 496 3347 Graece
510 3295 554 3347 est
567 3296 628 3349 τοῖς
650 3289 794 3346 nectara.
816 3286 892 3347 Haec
908 3286 1098 3348 habebantur
1112 3266 1278 3368 dupliciter

178 3418 310 3478 sanota.''
351 3416 459 3496 Itaque
477 3416 561 3478 dico:
582 3415 729 3496 quidquid
743 3415 783 3477 sit
795 3417 833 3476 de
846 3416 903 3477 hac
919 3417 1040 3477 'theoria
1060 3396 1277 3494 Sabbatorum,

179 3547 257 3608 illud
284 3568 378 3608 unum
405 3522 459 3609 fflt.
476 3545 759 3628 exploratissimum,
783 3568 845 3608 non
865 3567 948 3626 posse
975 3548 1144 3609 testimonio
1171 3549 1280 3612 adlato

179 3680 318 3741 Matthaei
332 3678 566 3765 probarifuisse
586 3679 749 3758 aliquando
772 3679 831 3739 duo
853 3677 988 3740 Sabbata
1001 3678 1104 3740 eodem
1119 3679 1183 3752 die3
1206 3680 1278 3743 licet

178 3811 257 3871 enim
273 3809 315 3870 ibi
329 3810 426 3871 forma
440 3808 595 3870 Helleaicu
608 3809 736 3870 nominis
749 3808 984 3888 attuleratque
994 3809 1221 3888 exprimendum,
1232 3812 1280 3872 ait
