2932 4860
181 560 200 620 9
474 579 670 633 nrsoursrrro
691 578 976 622 crurrconrnucl.

171 768 188 797 h

181 951 278 1024 nibus,
293 951 372 1029 quod
394 962 446 1022 est,
461 951 597 1010 futurum
619 949 683 1010 fore
699 950 818 1029 signum
840 949 879 1009 od
901 948 1188 1009 condemnationem.
1233 947 1287 1010 Ita

180 1103 251 1142 sane
265 1092 295 1143 et
309 1103 369 1143 non
383 1103 466 1142 secus
480 1082 599 1158 signum
614 1081 701 1142 Jonas
715 1081 745 1140 in
761 1089 904 1141 contextu
919 1079 1107 1140 describitur.
1139 1079 1186 1140 Eo
1200 1080 1284 1140 enirn

181 1221 309 1292 patrato,
322 1212 460 1273 Christus
471 1211 607 1290 praedicit
618 1210 784 1271 Pharisaeos
795 1219 1036 1288 perseveraturos
1049 1211 1080 1269 in
1095 1209 1286 1289 impoeniten-

180 1341 233 1415 tia,
247 1352 431 1421 quapropter
459 1342 524 1405 Viri
544 1342 685 1401 lllinicitoe
705 1348 823 1420 curycnt
844 1344 876 1400 in
889 1341 1006 1419 judicio
1020 1361 1084 1400 cam
1097 1343 1286 1419 generatione

179 1473 243 1544 iata,
259 1479 285 1531 et
308 1471 543 1531 condemnabunt
563 1491 625 1530 eam
648 1468 774 1546 (Matth.
789 1469 809 1530 l.
825 1491 849 1530 c.
872 1470 944 1547 41.).
987 1469 1071 1531 Hinc
1091 1469 1236 1548 sequitur,
1252 1471 1284 1531 id

182 1600 337 1661 Christum
350 1600 436 1679 signo
450 1600 471 1661 J
473 1621 538 1661 onae
551 1600 711 1679 Prophetas
726 1601 786 1656 καθ’
802 1602 874 1654 αὐτὰ
891 1621 927 1660 ac
940 1600 1053 1660 directe
1067 1601 1225 1680 presagire
1239 1601 1286 1662 in·

180 1729 317 1804 tendisse,
337 1729 417 1808 quod
440 1729 574 1790 nolentes
597 1728 741 1790 Pharisaei
764 1730 894 1801 credere,
909 1730 1045 1790 futurum
1068 1730 1146 1791 foret
1167 1751 1285 1804 caussa,

181 1884 268 1923 cura
281 1861 428 1924 Ninivitis
449 1862 727 1922 condemnarentur.
750 1861 866 1922 Verum
889 1862 929 1935 id,
943 1862 1024 1940 quod
1046 1882 1172 1940 persona
1192 1861 1283 1923 Jonae

182 1993 340 2072 Propheta
367 1995 529 2067 indicatur,
554 1994 703 2073 quodque,
717 1993 833 2054 «Iudaeis
854 1995 974 2055 credere
995 1993 1197 2068 renuentibus,
1214 2015 1284 2055 con·

77 2128 79 2132 '
181 2122 366 2183 damnationi
387 2122 532 2195 inserviit,
561 2132 605 2183 est
632 2143 711 2183 mors
733 2132 763 2183 et
790 2124 967 2184 resurrectio
988 2123 1118 2184 Christi:
1168 2123 1284 2183 Praedt2

180 2273 277 2312 comus
302 2251 446 2314 Christum
471 2252 655 2331 cremflaam:
681 2252 796 2312 Jodaea
816 2252 931 2332 quidem
954 2253 1124 2313 scandalum
1144 2254 1186 2332 (1.
1211 2252 1281 2315 Cor.

181 2386 200 2444 i.
225 2384 297 2460 23.).
330 2384 430 2462 Igitur
457 2384 538 2464 quod
559 2384 696 2445 Christus
723 2384 808 2464 signo
833 2384 920 2445 Jonae
940 2384 1098 2463 Prophetae
1125 2384 1185 2440 καθ’
1208 2385 1281 2439 αὐτὰ

181 2537 217 2576 ac
231 2517 343 2576 directe
358 2516 517 2595 praedicere
531 2516 670 2589 intendit,
685 2537 765 2576 mors
779 2525 822 2576 est
836 2525 927 2594 atque
941 2517 1117 2577 resurrectio
1128 2537 1200 2590 sua;
1214 2537 1283 2595 pro·

182 2614 253 2709 inde*
266 2669 366 2708 sensus
380 2647 540 2710 verborum
561 2648 674 2709 Christi
697 2645 823 2720 (Matth.
838 2647 858 2707 l.
874 2669 897 2707 c.
920 2648 983 2722 40.)
998 2647 1023 2707 is
1043 2657 1103 2708 est:
1125 2647 1205 2708 Siout
1218 2648 1283 2726 suit

180 2778 276 2839 Jonas
296 2777 387 2837 tribus
408 2777 509 2837 dicbus
523 2785 548 2837 ct
562 2777 654 2837 tribus
674 2777 801 2836 noctibus
821 2778 855 2836 ia
868 2784 963 2836 ventre
979 2779 1039 2850 ceti,
1054 2777 1111 2837 hoc
1135 2786 1188 2850 est,
1202 2777 1281 2838 sicut

179 2929 238 2968 non
254 2908 286 2967 in
300 2916 476 2986 perpetuum
491 2906 550 2966 fuit
573 2905 668 2967 Jonas
687 2906 719 2965 in
741 2915 845 2967 ventre
867 2905 933 2978 ceti,
947 2906 999 2965 sed
1021 2915 1140 2966 tantum
1164 2915 1198 2966 ut
1211 2916 1280 2985 post

181 3038 304 3116 aliquod
318 3048 436 3116 tempus
450 3037 520 3096 inde
533 3036 740 3115 egrederetur:
761 3037 802 3095 cic
816 3038 870 3096 crit
890 3035 988 3095 Filius
1005 3034 1129 3094 hominis
1142 3034 1176 3094 in
1196 3035 1282 3095 corde

181 3176 264 3229 tcrroe
278 3168 370 3228 tribus
384 3168 484 3227 dicbus
498 3174 524 3227 et
537 3167 629 3227 trahea
642 3166 778 3239 noctibus,
789 3166 846 3226 hoc
861 3176 913 3237 est,
924 3165 966 3225 sic
980 3185 1039 3225 non
1055 3165 1085 3223 in
1100 3174 1278 3243 perpetuum

179 3301 237 3360 erit
258 3299 356 3359 Filius
376 3297 506 3359 hominis
527 3298 558 3357 in
580 3297 669 3358 corde
689 3307 784 3370 terrae,
799 3296 849 3357 sed
871 3305 990 3356 tanturn
1012 3304 1046 3354 ut
1068 3304 1135 3373 post
1155 3294 1279 3374 aliquod

98 3459 100 3463 ¹
179 3441 296 3509 tempus
310 3438 454 3509 resurgat.
515 3473 518 3479 -

220 3559 392 3638 5.-Atque
405 3558 492 3631 hanc,
502 3578 592 3636 quam
605 3578 643 3616 ex
655 3565 798 3617 contextu
810 3555 1056 3635 Evangeliorum,
1068 3552 1186 3613 collatis
1197 3551 1280 3626 locis,

179 3690 300 3752 obviam
315 3688 522 3766 literalemque
536 3686 696 3749 verborum
712 3686 825 3746 Christi
839 3686 904 3746 erui
919 3683 1205 3762 interpretationem,
1216 3682 1278 3762 pla·

179 3829 303 3882 cottum
319 3817 541 3879 Rosenmiilleri
552 3817 731 3877 auctoritate
744 3837 750 3888 ;
765 3824 829 3876 tum
842 3815 957 3875 ratione
968 3813 1081 3874 biblica
1092 3811 1281 3873 confirmare.
