2932 4860
272 572 328 633 201
570 594 764 648 orsemsmro
785 597 1069 644 carneo-ammes.

269 1111 331 1158 nau
345 1110 434 1170 rursu,
456 1096 581 1169 Forum,
603 1096 679 1177 meod
693 1104 760 1177 poet
784 1097 941 1162 &biotam
961 1103 1073 1164 incidit.
1106 1103 1148 1164 Et
1172 1104 1203 1163 in
1226 1103 1372 1184 Ghagiga

270 1234 349 1306 (cap.
377 1229 439 1305 ii.):
462 1242 524 1289 mo
537 1241 612 1300 rso:
631 1222 711 1289 nont
731 1221 798 1291 bna
816 1245 908 1304 arro,
935 1233 1061 1305 Festum,
1081 1232 1157 1312 qaod
1182 1234 1217 1324 to
1243 1233 1372 1294 sabboti

262 1379 437 1436 parasceuen
450 1360 563 1420 diuidit.
586 1361 667 1422 Vere
680 1362 783 1441 itaque
795 1362 884 1424 Aben
901 1363 980 1424 Eara
994 1364 1025 1423 in
1041 1364 1115 1425 Lev.
1131 1365 1232 1442 (xxiii.
1247 1365 1292 1442 4.)
1301 1366 1369 1427 ait:

267 1487 330 1549 itm
344 1505 406 1552 nuo
420 1505 498 1552 unu
512 1505 589 1551 urar
603 1485 710 1554 sabra
725 1508 757 1555 nr
771 1508 880 1568 araon,
906 1495 977 1554 Pom
997 1515 1030 1556 aa
1051 1494 1200 1567 Martae,
1223 1515 1310 1575 atam
1335 1517 1371 1556 ee

272 1619 410 1681 Poimade
425 1621 570 1699 probatur
583 1621 697 1682 Paoelto
712 1626 746 1683 ia
765 1623 930 1697 seeundum,
944 1631 1076 1704 quartam
1090 1632 1117 1685 et
1136 1632 1242 1686 soom
1254 1626 1370 1704 feriam

266 1750 437 1832 quandoque
458 1752 599 1813 irwidoeee.
641 1752 691 1814 Ita
707 1754 788 1832 apud
815 1754 1173 1828 Τεσσαρεσκαιδεκατῖταις,
1184 1755 1237 1835 qui
1251 1755 1371 1817 Pmebo

267 1883 459 1946 celebrabant
483 1885 586 1946 iisdem
611 1885 725 1960 diebus,
746 1887 854 1966 quibus
874 1886 983 1961 dadai,
1005 1886 1117 1947 Paoobo
1141 1888 1172 1947 in
1197 1887 1369 1967 quamlibet

266 2014 461 2076 hebdomadis
475 2015 554 2077 diem
568 2016 728 2090 incidebat,
739 2017 824 2078 nulla
833 2026 966 2097 excepta.
997 2017 1186 2090 Philoterias,
1199 2018 1230 2077 in
1246 2017 1367 2079 Haeresi

267 2145 304 2206 de
331 2147 405 2207 festo
427 2145 592 2220 Paschatis,
605 2167 742 2226 expresse
763 2146 821 2208 hoe
842 2146 932 2208 dicit:
955 2147 1063 2207 “Diem
1086 2166 1146 2207 non
1170 2146 1366 2208 Dominieam

265 2295 382 2354 semper
402 2275 574 2336 custodiunt
597 2275 728 2347 Paschae,
748 2275 799 2336 sed
820 2276 959 2349 secunda,
975 2285 1029 2336 aut
1049 2275 1148 2348 tertia,
1167 2283 1221 2335 aut
1242 2286 1367 2354 quarta,

266 2415 320 2466 aut
333 2406 448 2485 quinta,
462 2414 516 2466 aut
529 2413 614 2465 sexta
629 2405 678 2465 die
691 2404 871 2466 eelebrent·''
905 2404 1014 2485 Itaque
1027 2404 1049 2467 J
1050 2404 1127 2465 udaei
1141 2413 1206 2465 tum
1220 2408 1369 2484 temporis

266 2536 445 2597 Neomenias
459 2534 592 2596 nondum
611 2535 677 2596 loeo
690 2556 743 2597 suo
764 2546 929 2609 moverant,
944 2556 981 2596 ne
1002 2535 1141 2597 Poetae
1162 2534 1270 2596 festum
1293 2557 1366 2597 eum

265 2667 388 2727 Sabbata
402 2666 578 2727 continuum
593 2675 675 2727 esset.

305 2795 504 2858 tta-Altera
527 2805 557 2857 et
579 2794 688 2856 ultima
712 2794 872 2856 difficultas
895 2794 1024 2855 sumitur
1044 2814 1063 2855 a
1086 2794 1255 2866 Poeteeooto,
1269 2756 1366 2873 qm

266 2930 361 2990 omnis
375 2902 586 2989 Christianitas
602 2946 621 2987 a
638 2926 835 2987 remotissima
855 2925 1034 3003 antiquitate
1054 2923 1182 2985 eredidit
1195 2943 1275 2984 anno
1290 2923 1366 2986 Pas·

265 3059 355 3121 sionis
369 3057 482 3119 Christi
495 3057 527 3116 in
542 3056 733 3117 Dominieam
747 3055 892 3117 incidisse.
929 3055 1017 3135 Ergo
1037 3055 1152 3134 primus
1173 3055 1366 3134 Azymorum

266 3188 328 3248 dies
348 3187 407 3247 fuit
425 3186 581 3246 Sabbatum
601 3205 662 3245 non
683 3185 745 3246 dies
773 3185 898 3249 Venerio.
941 3186 1130 3264 Argumento
1151 3206 1170 3245 a
1189 3185 1366 3248 Penteeoste

266 3321 356 3380 ducto
370 3337 487 3397 oppono
501 3315 585 3377 aliud
596 3317 765 3378 desumtum
779 3336 798 3377 a
812 3316 968 3377 Domitiae
982 3318 1016 3376 ia
1029 3316 1142 3376 Beona.
1176 3315 1254 3376 Sunt
1267 3317 1367 3378 verba

265 3448 314 3511 Jo.
331 3446 398 3526 (xii.
421 3446 447 3506 1.
467 3454 497 3505 et
525 3445 572 3505 12.
602 3444 682 3522 13,):
702 3443 788 3507 Jeem
809 3465 875 3523 erqo
896 3451 963 3504 eote
989 3465 1037 3505 aaa
1060 3443 1121 3504 dieo
1145 3443 1263 3504 Pataita
1288 3447 1367 3506 veuit

265 3579 448 3640 Betboaiom.
463 3623 470 3638 .
486 3623 492 3637 .
508 3623 515 3637 .
529 3577 570 3636 Io
583 3577 741 3637 erastinum
762 3583 857 3637 oatem
878 3576 964 3636 turbo
985 3575 1085 3648 malta,
1100 3538 1163 3655 qam
1184 3582 1301 3636 veneat
1323 3574 1365 3636 ad

265 3712 341 3772 diem
354 3710 470 3788 sertam,
494 3728 558 3768 eam
571 3706 697 3768 aadoooet
713 3708 782 3787 qaia
803 3709 880 3767 venit
899 3706 984 3767 Jeaaa
1005 3703 1232 3784 Joosotymam:
1253 3724 1364 3784 aedepo-

265 3845 335 3901 raat
347 3859 441 3899 ramos
450 3837 627 3918 palmorum,
641 3843 667 3898 o
675 3844 874 3916 proeeeeeraat
888 3836 999 3898 obviam
1012 3836 1048 3909 ei,
1063 3842 1088 3896 et
1101 3833 1286 3896 clamabant.-
1301 3835 1362 3896 He·
