2932 4860
196 579 233 640 17
496 595 692 649 mstsmo
712 594 998 638 camiceansmcs.

195 839 321 918 Coptica
334 837 392 898 IV.
408 837 550 898 Ecclemae
567 835 674 896 saeculo
688 834 822 908 extabat,
836 846 866 896 et
879 835 1082 896 adhibebatur
1094 836 1126 894 in
1138 855 1193 896 usu
1208 835 1297 897 litur-

194 968 262 1048 gico
287 977 318 1028 et
340 967 371 1026 in
396 965 598 1039 concionibus,
612 975 647 1026 ut
668 973 754 1044 'patet
775 985 813 1024 ex
842 965 906 1026 vita
925 964 955 1025 S.
974 964 1112 1038 Antonii,
1126 965 1179 1044 qui
1199 980 1297 1045 quum

196 1118 255 1157 non
276 1096 457 1176 intelligeret
478 1096 613 1174 linguam
637 1093 784 1167 Graecam,
805 1105 879 1154 teste
898 1093 1088 1171 Hieronymo
1101 1103 1132 1155 et
1145 1089 1298 1168 Palladio,

196 1229 290 1290 verba
303 1228 337 1288 Si
349 1230 392 1286 aia
400 1226 543 1305 perfectio
557 1247 622 1298 case,
636 1225 716 1297 cade,
730 1225 820 1285 verde
834 1227 932 1285 mania
945 1246 1009 1304 pac
1022 1224 1117 1297 bobes,
1128 1231 1154 1284 et
1167 1224 1208 1284 da
1219 1246 1297 1303 poa·

189 1357 319 1437 peribas,
334 1377 401 1436 quae
413 1356 495 1436 apud
511 1356 622 1417 Matth.
646 1355 724 1434 (xix.
741 1355 803 1434 21.)
826 1356 976 1435 leguntur,
990 1328 1096 1435 lingua
1109 1355 1298 1435 AEgyptiaoe

193 1488 345 1549 audienda
358 1487 386 1547 ei
399 1487 490 1547 fuere.
522 1485 604 1548 -Jam
626 1507 697 1547 vero
710 1496 741 1547 et
754 1486 786 1546 in
800 1486 857 1546 hac
871 1485 1006 1547 versione
1017 1485 1143 1564 praefata
1156 1485 1296 1565 loquutio

193 1618 233 1678 ad
247 1615 373 1678 verbum
389 1625 542 1696 comparet
555 1616 712 1688 traducta;
733 1615 773 1676 ad
787 1615 904 1676 literam
920 1615 998 1674 enim
1013 1597 1116 1676 sonat:
1131 1632 1168 1674 In
1182 1633 1296 1675 coena

192 1765 313 1807 racem
321 1745 379 1825 (6.)

234 1875 447 1955 9.—Optanda
467 1875 588 1954 quidem
610 1896 657 1935 res
670 1884 753 1948 esset,
767 1885 796 1935 et
818 1873 979 1936 Gothicam
995 1895 1079 1954 posse
1099 1873 1166 1935 heic
1186 1875 1295 1953 quinto

191 2005 278 2067 citari
299 2005 475 2078 versionem,
498 2025 564 2084 quae
590 2005 787 2084 probabiliter
814 2006 893 2069 circa
919 2025 1032 2065 anuum
1060 2006 1128 2066 370.
1156 2026 1185 2084 p.
1207 2004 1294 2078 chr,

86 2120 88 2123 ¹
190 2136 229 2197 ab
244 2135 341 2197 Ulfila
357 2134 529 2197 Gothorum
544 2136 695 2215 Episcopo
708 2136 748 2223 ad
763 2157 899 2197 normam
913 2134 1012 2197 Graeci
1026 2137 1207 2216 exemplaris
1221 2138 1294 2198 lide-

190 2265 302 2325 lissime
324 2265 466 2338 confecta,
491 2265 612 2344 publice
633 2266 664 2324 in
686 2265 823 2326 Ecclesia
843 2265 1007 2345 legebatur.
1057 2267 1208 2346 Eqmdem
1232 2277 1294 2328 tra·

189 2394 280 2480 ditur,
305 2394 601 2474 &chrysostomum
629 2396 661 2454 in
682 2395 820 2456 Ecclesia
846 2394 876 2456 S.
898 2395 988 2456 Pauli
1016 2396 1291 2477 Constantinopoli,

189 2534 256 2604 post
280 2525 436 2586 lectionem
463 2524 493 2585 S.
521 2524 685 2605 Scripturas
715 2526 820 2605 lingua
851 2523 990 2598 Gothico,
1015 2527 1289 2606 eloquentissimam

187 2654 340 2735 quondam
360 2654 516 2715 homiliam
538 2655 577 2715 ad
598 2655 744 2735 populum
757 2654 905 2724 habuisse.
947 2656 1064 2717 Verum
1085 2657 1160 2735 proh
1183 2657 1290 2719 dolori
1374 2664 1377 2678 ⁴

185 2806 253 2846 cum
268 2785 381 2846 caeteris
393 2786 457 2864 ejus
470 2784 615 2863 partibus,
629 2780 697 2863 qua
716 2785 846 2863 amplius
860 2806 920 2845 non
934 2795 1048 2859 extant,
1064 2787 1153 2864 periit
1168 2796 1198 2847 et
1212 2788 1288 2849 inte

184 2936 272 2996 grum
295 2915 434 2981 Matthaei
454 2915 666 2988 testimonium,
680 2915 718 2974 de
738 2936 797 2994 quo
819 2915 983 2993 disputatio
1002 2917 1140 2977 occurrit.
1182 2916 1283 2978 Nihil-

184 3047 311 3120 ominus,
333 3067 427 3126 quum
448 3055 562 3107 constet
581 3067 647 3106 eam
669 3046 799 3107 fideliter
819 3045 960 3107 Graecum
988 3058 1212 3124 repraesentasse
1240 3060 1288 3111 te·

184 3187 280 3250 xtum,
300 3177 384 3257 cujus
404 3197 476 3238 sane
493 3177 537 3237 rei
558 3186 770 3256 argumentum
791 3177 874 3237 haud
895 3176 961 3238 leve
978 3186 1048 3237 sunt
1067 3198 1133 3257 quae
1153 3179 1289 3239 admira·

181 3304 251 3366 bilis
265 3305 354 3384 hujus
368 3306 557 3385 antiquitatis
571 3305 746 3366 monimenti
759 3306 1102 3409 supersuutvfragmeuta
1110 3328 1117 3379 ;
1139 3308 1280 3368 existimo

181 3434 336 3513 praefatam
351 3433 490 3495 Graecam
504 3435 708 3514 loquutiouem
720 3434 757 3494 'in
778 3435 857 3495 hanc
870 3435 960 3495 titisse
974 3456 1100 3508 versam,
1115 3436 1229 3497 scilicet
1243 3441 1279 3497 'in

182 3582 325 3624 narsum
339 3583 486 3625 hmanas
501 3563 559 3642 (7.)
574 3585 601 3643 q.
616 3564 645 3624 d.
667 3583 704 3624 m
722 3583 832 3625 coena
845 3584 972 3626 nnana
1022 3566 1100 3627 Sane
1115 3588 1175 3627 non
1189 3568 1282 3629 datur

181 3696 268 3770 ratio,
283 3717 337 3757 cur
350 3705 468 3758 tantum
490 3696 626 3775 praesenti
641 3696 752 3773 phrasi,
766 3695 898 3758 Gothica
911 3698 1009 3758 versio
1023 3719 1082 3759 non
1097 3699 1235 3759 debuerit
1248 3701 1283 3760 fi-

181 3826 287 3887 deliter
301 3827 544 3906 authographum
559 3837 786 3905 repraesentare3
808 3829 888 3906 quod
902 3828 1065 3902 accidisset,
1079 3830 1104 3888 si
1126 3830 1187 3891 alio
1208 3852 1281 3910 quo·

181 3977 308 4036 cumque
329 3957 417 4017 modo
444 3956 584 4018 traducta
604 3978 640 4017 ea
661 3957 771 4018 firisset.
814 3957 857 4018 Et
883 3979 915 4018 re
942 3958 1062 4037 quidem
1088 3981 1169 4033 vera,
1198 3962 1278 4040 quod

178 4088 379 4168 praepositioni
395 4092 421 4145 ἐν
441 4087 571 4149 fideliter
591 4088 767 4167 respondeat
780 4088 878 4148 solum
890 4091 927 4147 in
941 4109 979 4148 ex
994 4109 1028 4148 eo
1043 4098 1134 4167 patet,
1149 4090 1228 4169 quod
1244 4092 1275 4150 in
