2932 4860
553 603 749 658 mstsIrm
769 604 1054 648 cnlrrcomaulca

250 1107 313 1188 pite
326 1107 409 1168 fuere
423 1105 562 1168 discussa.
604 1106 730 1181 Verum,
745 1128 838 1187 quum
853 1108 933 1169 circa
943 1108 1189 1188 significationem
1205 1108 1247 1170 eis
1261 1108 1351 1169 adtri-

251 1238 366 1312 butam,
381 1247 411 1299 et
424 1238 486 1317 ipse
499 1237 532 1297 in
545 1238 676 1319 ancipite
696 1247 875 1312 versaretur,
890 1239 934 1300 uti
956 1239 1147 1319 introspicere
1161 1240 1249 1315 licuit
1263 1261 1281 1301 a
1295 1261 1352 1301 me·

251 1367 301 1428 dio
315 1367 433 1427 numeri
447 1367 536 1446 primi
551 1367 591 1428 ad
604 1367 711 1441 finem;
726 1377 852 1429 conatur
862 1368 1024 1442 ostendere,
1035 1368 1188 1431 Christum
1200 1369 1350 1449 sepultum

250 1497 340 1558 fuisse
354 1497 394 1557 ad
408 1517 545 1557 occasum
560 1495 620 1557 diei
634 1496 788 1570 Mercurii,
802 1506 832 1558 et
852 1498 1047 1559 resurrexisse
1068 1499 1108 1560 ad
1131 1520 1269 1560 occasum
1292 1499 1352 1561 diei

249 1627 393 1701 Sabbati3
415 1647 453 1688 ex
467 1648 526 1706 quo
542 1626 599 1705 (sic
612 1627 669 1687 sibi
683 1627 804 1688 videtur
820 1627 968 1706 blandiri)
984 1627 1075 1689 semel
1089 1629 1226 1708 probato,
1242 1629 1350 1690 infert:

249 1767 314 1820 tum
342 1756 589 1837 significationem
616 1757 826 1836 praedictarum
854 1757 1053 1818 formularum
1081 1778 1148 1819 eam
1173 1778 1245 1832 esse,
1260 1779 1350 1839 quam

245 1887 311 1966 jam
333 1894 423 1947 antea
442 1894 598 1960 statuerat,
611 1896 677 1947 tum
701 1886 828 1967 proinde
851 1886 1006 1950 Christum
1029 1889 1352 1969 septuaginteduabus
1430 1911 1456 1947 «ι

249 2016 331 2078 horis
344 2017 486 2078 mansisse
500 2016 531 2076 in
545 2016 697 2096 sepulcro;
723 2018 862 2098 quodque
876 2039 936 2080 non
957 2019 1090 2081 obscuris
1110 2020 1256 2099 patefacit
1276 2021 1352 2082 indi·
1419 2053 1454 2063 -

172 2117 174 2120 Ι
248 2147 302 2211 ciis
314 2147 401 2209 initio
415 2147 534 2208 numeri
555 2148 733 2209 duodecimi.
776 2148 885 2210 Paucis
907 2157 1006 2210 totum
1028 2149 1226 2229 complector:
1249 2151 1286 2214 cl.
1301 2153 1351 2214 ad·
1428 2179 1447 2189 -

249 2276 398 2340 versarius
412 2285 616 2356 praeconcepto
632 2275 748 2356 judicio
762 2285 868 2338 contra
884 2245 1091 2340 Traditionem
1110 2277 1300 2342 Catholicam
1314 2281 1351 2342 de

247 2413 384 2485 tempore
397 2404 560 2484 sepulturae
579 2403 702 2480 Christi,
716 2406 839 2467 accessit
859 2406 899 2467 ad
919 2405 1125 2486 scripturam
1146 2419 1350 2490 praeconcepto

248 2536 325 2598 falso
341 2535 457 2616 judicio
471 2534 639 2614 intelligere
652 2544 776 2597 conatus
789 2545 834 2598 est
846 2536 1017 2598 testimonia
1031 2537 1153 2612 adlata3
1174 2546 1205 2600 et
1224 2539 1265 2601 ad
1280 2560 1350 2616 prae
1429 2521 1431 2527 ’

248 2676 425 2748 conceptam
438 2667 546 2728 falsam
560 2666 817 2746 significationem,
833 2688 925 2748 quam
938 2668 971 2728 in
987 2667 1049 2729 illis
1062 2689 1123 2729 non
1143 2669 1271 2745 invenit,
1286 2670 1351 2731 reli·

248 2797 424 2878 quaomnia
437 2797 547 2876 exegit.
590 2795 682 2874 Quod
695 2805 748 2868 est,
763 2796 860 2857 traxit
873 2795 1061 2875 Scriptorum
1082 2797 1122 2858 ad
1136 2796 1168 2857 id
1181 2797 1350 2890 significan-

249 2926 333 3001 dum,
347 2926 427 3006 quod
441 2907 504 3005 ipse
518 2926 550 2985 in
572 2925 673 2994 animo
695 2925 835 3003 gerebet3
856 2924 1031 2987 falsissimus
1056 2946 1153 2987 canon
1176 2927 1351 3007 interpreta-

247 3058 348 3131 tionis,
362 3064 393 3119 et
406 3055 445 3118 ab
460 3056 599 3117 omnibus
613 3056 719 3116 merito
734 3055 918 3135 reprobatus.

290 3185 463 3248 50.-Huic
477 3184 565 3246 modo
586 3183 741 3263 descriptae
762 3185 914 3247 contraria
934 3186 1055 3247 omnino
1070 3194 1114 3247 est
1127 3186 1188 3260 via,
1203 3207 1295 3266 quam
1310 3209 1350 3249 se

247 3323 360 3396 quutus
373 3335 449 3389 sum,
460 3323 491 3375 et
504 3313 536 3373 in
550 3314 688 3392 praesenti
703 3314 883 3376 discussione
895 3335 1011 3393 sequor.
1053 3295 1239 3377 Praecedcnti
1252 3317 1349 3397 capite

248 3455 336 3521 certe,
347 3445 532 3525 argumentis
545 3445 664 3506 nonnisi
678 3444 867 3526 philologicis
881 3445 982 3525 reique
995 3445 1053 3526 ipsi
1066 3445 1244 3521 intrinsecis,
1256 3456 1349 3509 osten·

247 3577 289 3652 di,
302 3575 472 3638 testimonio
486 3576 599 3637 Matth.
616 3576 655 3655 (si
669 3575 742 3655 quid
765 3575 836 3637 inde
848 3575 920 3637 licet
940 3575 1130 3653 extundere),
1144 3575 1184 3637 ad
1198 3596 1349 3637 summum

246 3706 410 3788 significari
424 3705 580 3768 Christum
593 3725 647 3786 per
661 3706 806 3780 triduum,
820 3726 903 3767 more
921 3705 1073 3767 communi
1089 3714 1254 3786 sumptum,
1269 3727 1350 3768 man·

246 3837 317 3900 sisse
337 3836 370 3896 in
390 3835 544 3915 sepulcro;
565 3844 665 3896 cetera
685 3835 744 3896 tria
765 3855 848 3908 vero,
866 3834 959 3909 Petri,
970 3834 1061 3896 Pauli
1081 3843 1112 3895 et
1132 3834 1242 3910 Marci,
1256 3855 1350 3915 neque

247 3967 393 4048 respicere
405 3974 524 4046 tempus
537 3964 706 4046 sepulturae,
719 3984 816 4045 neque
829 3963 997 4045 significare
1007 3964 1139 4044 spatium
1149 3966 1350 4046 septuaginta-
