2932 4860
178 587 236 646 105
481 601 674 655 n1soms1n1o
695 600 980 644 ommno-ammon.

177 985 236 1037 tur.
278 976 364 1037 Tunc
379 977 487 1059 milites
502 978 634 1057 praesidis
648 977 839 1057 suscipientes
850 975 873 1039 J
874 997 955 1037 esum
970 976 1003 1036 in
1017 976 1201 1056 praetorium,
1212 997 1281 1036 oon-

177 1116 379 1186 gregaverunt
393 1107 432 1167 ad
447 1127 513 1166 eum
531 1107 700 1168 universam
716 1107 881 1168 cohortem:
904 1116 934 1167 et
947 1115 1090 1167 exuentes
1103 1126 1183 1180 eum,
1198 1105 1280 1166 chla-

177 1236 296 1316 mydem
323 1237 489 1297 coccineam
515 1236 775 1297 circumdederunt
795 1237 831 1309 ei,
846 1246 876 1298 et
896 1236 1058 1314 plectentes
1078 1257 1219 1297 coronam
1242 1236 1280 1296 de

177 1369 279 1447 spinis,
295 1378 456 1447 posuerunt
478 1388 567 1446 super
581 1376 672 1446 caput
686 1368 757 1447 ejus,
771 1377 801 1427 et
822 1367 999 1426 arundinem
1014 1366 1045 1424 in
1066 1367 1194 1426 dextera
1207 1365 1279 1445 ejus.

178 1497 222 1558 Et
235 1516 312 1574 genu
328 1496 409 1556 flexo
424 1505 494 1556 ante
508 1516 586 1568 eum,
601 1495 771 1555 illudebant
785 1495 821 1568 ei,
837 1495 984 1554 dieentes:
1007 1493 1077 1554 Ave
1092 1514 1145 1554 rex
1159 1492 1181 1555 J
1184 1493 1281 1553 udaeo-

178 1647 254 1685 rum.
276 1625 319 1685 Et
328 1634 490 1703 expuentes
504 1624 535 1683 in
547 1644 625 1697 eum,
635 1633 815 1702 acceperunt
829 1623 1017 1696 arundinem,
1028 1631 1058 1684 et
1068 1620 1279 1699 percutiebant

178 1764 270 1834 caput
283 1756 353 1834 ejus.
375 1754 418 1815 Et
432 1763 589 1834 postquam
603 1753 763 1815 illuserunt
777 1753 812 1827 ei,
827 1762 976 1814 exuerunt
990 1773 1057 1813 eum
1073 1752 1234 1825 chlamide,
1249 1762 1279 1812 et

178 1884 342 1944 induerunt
356 1904 424 1943 eum
438 1883 621 1944 vestimentis
635 1884 707 1963 ejus,
722 1893 751 1944 et
765 1884 918 1944 duxerunt
931 1903 999 1944 eum
1013 1893 1048 1944 ut
1062 1883 1279 1962 crucifigerent.

49 2024 50 2028 ’
113 2084 115 2088 .
178 2016 333 2077 Exeuntes
355 2025 454 2075 autern
475 2015 654 2076 invenerunt
672 2015 823 2075 hominem
843 2014 1028 2092 Cyrenaeum,
1043 2014 1164 2073 nomine
1185 2012 1280 2073 Simo·

178 2165 262 2205 nem:
278 2144 358 2205 hunc
372 2146 607 2223 angariaverunt
620 2153 655 2205 ut
668 2144 787 2205 tolleret
801 2165 918 2204 crucem
934 2145 1004 2224 ejus.
1026 2144 1069 2203 Et
1083 2153 1233 2205 venerunt
1247 2144 1278 2202 in

179 2274 278 2335 locum
293 2275 345 2353 qui
359 2274 470 2334 dicitur
484 2273 646 2352 Golgotha,
658 2274 737 2352 quod
752 2282 796 2334 est
806 2273 955 2335 Calvariae
965 2272 1056 2334 locus.
1078 2272 1121 2333 Et
1131 2273 1281 2333 dederunt

178 2406 206 2466 ei
217 2406 322 2466 vinum
333 2404 435 2465 bibere
449 2425 516 2464 cum
528 2404 598 2464 felle
609 2405 738 2464 mistum.
761 2404 882 2464 Etcum
894 2412 1049 2482 gustasset,
1059 2400 1158 2463 noluit
1168 2401 1280 2462 bibere.

178 2535 341 2614 Postquam
353 2544 453 2595 autern
464 2534 678 2596 crucifixerunt
688 2534 938 2606 eum,diviserunt
949 2533 1126 2593 vestimenta
1136 2533 1209 2612 ejus,
1219 2553 1281 2594 sor·

179 2676 238 2727 tem
253 2667 421 2728 mittentes:
443 2676 478 2727 ut
491 2664 667 2745 impleretur
680 2665 758 2744 quod
774 2666 888 2725 dictum
911 2674 955 2725 est
971 2685 1022 2743 per
1042 2663 1222 2743 prophetam
1238 2664 1283 2723 di·

179 2806 310 2857 centem:
326 2797 499 2856 Diuiacruat
509 2795 566 2855 cibi
578 2797 742 2856 uestimento
755 2815 827 2867 meu,
842 2800 868 2854 et
880 2815 968 2872 caper
981 2800 1080 2854 emtam
1093 2813 1187 2852 meam
1201 2794 1284 2854 miae·

178 2926 386 2987 mutuantem?
417 2925 512 2986 Marc.
530 2925 595 3002 (xv.
612 2924 750 3000 1-24.):
773 2924 835 2984 “Et
849 2924 1003 2985 confestim
1018 2942 1107 2983 mane
1120 2923 1281 2984 consilium

179 3057 320 3117 facientes
333 3056 443 3117 summi
457 3055 632 3128 sacerdotes,
647 3075 716 3114 cum
736 3054 909 3127 senioribus,
924 3063 953 3114 et
967 3053 1080 3127 scribis,
1094 3062 1124 3114 et
1137 3055 1283 3117 universo

179 3187 315 3261 concilio,
325 3187 489 3249 vincientes
503 3184 525 3247 J
526 3205 618 3259 esum,
633 3185 795 3258 duxerunt,
806 3193 835 3245 et
849 3184 1040 3245 tradiderunt
1054 3183 1173 3246 Pilato:
1188 3186 1287 3247 inter·

179 3318 298 3397 rogavit
311 3337 379 3376 eum
393 3315 527 3376 Pilatus:
551 3314 597 3375 Tu
612 3335 642 3375 es
656 3335 710 3375 rex
724 3313 746 3376 J
748 3314 922 3375 udaeorum?
962 3314 1008 3375 At
1021 3313 1074 3373 ille
1087 3316 1284 3392 respondens,

179 3449 222 3510 ait
235 3447 301 3508 illi:
323 3447 370 3507 Tu
384 3447 467 3508 dicis.
510 3446 552 3507 Et
566 3446 748 3506 accusabant
764 3466 832 3506 eum
847 3446 955 3505 summi
976 3446 1142 3506 sacerdotes
1156 3447 1189 3506 in
1203 3448 1284 3508 mul-

179 3584 225 3644 tis.
254 3582 371 3643 Pilatus
386 3590 486 3641 autem
501 3600 618 3640 rursum
633 3579 832 3658 interrogavit
846 3599 923 3653 eum,
938 3579 1054 3639 dicens:
1075 3577 1147 3639 Non
1162 3599 1284 3659 respon·

179 3714 230 3774 des
244 3711 430 3792 quidquam?
444 3710 514 3772 vide
528 3710 558 3768 in
573 3709 693 3788 quantis
707 3719 736 3769 te
751 3717 900 3769 accusant.
930 3707 1018 3770 Jesus
1032 3717 1132 3768 autem
1148 3710 1280 3788 amplius

179 3846 257 3932 nihil
271 3844 431 3924 respondit,
445 3843 489 3904 ita
503 3850 538 3903 ut
552 3842 713 3902 miraretur
726 3839 852 3900 Pilatus.
888 3840 947 3900 Per
960 3839 1038 3899 diem
1054 3847 1155 3900 autem
1172 3839 1279 3901 festum

179 3977 293 4038 solebat
317 3975 468 4036 dimittere
492 3973 552 4032 illis
577 3992 669 4033 unum
695 3991 733 4031 ex
754 3970 872 4044 vinctis,
887 3987 1104 4048 quemcumque
1128 3968 1277 4046 petissent
