2932 4860
469 563 665 617 msoulsmo
685 562 969 605 csslurco-Blnulcu.

180 1226 244 1304 gire
258 1224 399 1284 tonitrua.
441 1223 541 1283 Lucas
555 1222 634 1282 idem
655 1242 781 1282 narrans
797 1220 852 1299 (xi.
869 1220 931 1296 16.)
946 1241 1005 1280 non
1027 1219 1152 1280 obscure
1166 1219 1224 1280 hoc
1239 1220 1284 1280 in·

180 1354 256 1426 nuit,
270 1354 368 1432 ajens:
389 1353 513 1431 Siquam
528 1353 564 1411 de
574 1353 639 1412 eoelo
654 1352 818 1431 premebant
828 1351 865 1411 ab
880 1373 919 1411 eo.
962 1350 1147 1430 Hujuemodi
1158 1351 1280 1429 signum

179 1483 218 1543 ad
245 1483 495 1562 persuadendum,
516 1481 606 1560 quale
634 1480 779 1541 Pharisaei
806 1479 956 1559 petebant,
978 1479 1116 1540 Christus
1137 1490 1229 1559 negat
1250 1502 1280 1541 se

179 1633 313 1692 unquam
328 1613 370 1673 eis
380 1613 542 1673 daturum:
570 1611 725 1672 Generatio
746 1611 824 1670 molo
838 1617 864 1670 et
878 1610 1021 1683 adultero,
1036 1610 1099 1671 sive
1113 1631 1208 1689 genus
1223 1611 1280 1671 hoc

179 1742 335 1802 hominum
352 1741 463 1802 malum
479 1751 510 1802 et
523 1742 660 1820 degener,
675 1741 746 1820 quia
760 1761 778 1800 a
793 1741 943 1820 majorum
965 1740 1129 1800 virtutibus
1145 1740 1279 1814 deflexit,

178 1876 295 1952 apuam
310 1877 420 1950 queram,
435 1880 461 1932 et
473 1874 589 1950 eipuum
603 1893 663 1932 oon
677 1871 797 1931 dubitur
811 1874 845 1931 ei.
871 1869 994 1931 Marcus
1009 1872 1086 1949 (viii.
1103 1871 1164 1947 12.)
1180 1872 1280 1931 adhuc

179 2002 291 2062 clarius
315 2001 346 2060 id
374 2001 478 2078 ponit:
520 1999 616 2060 Amen
637 1999 700 2059 dieo
727 1999 852 2073 vobiaee'
878 1999 997 2059 debitur
1023 2001 1206 2077 permotione
1234 2000 1282 2059 isti

179 2131 304 2208 eipreum.
347 2130 439 2190 Ratio
453 2138 563 2202 eutem,
578 2150 632 2189 cur
646 2129 783 2189 Christus
797 2129 854 2189 hoo
867 2129 985 2206 signum
1001 2128 1061 2189 illis
1076 2130 1279 2209 denegaverit,

180 2261 279 2321 malus
292 2282 395 2321 eorum
410 2262 528 2321 animus
541 2270 572 2321 et
585 2260 723 2334 infidelis,
737 2281 797 2340 quo
811 2281 884 2339 erga
904 2261 1058 2321 Christum
1073 2282 1103 2321 ae
1117 2274 1278 2339 gesserant,

181 2391 258 2465 fuit3
279 2393 463 2471 quemqueii
476 2401 543 2452 tum
557 2392 753 2453 adscribendo
768 2412 859 2471 opera
873 2393 933 2452 Dei
948 2395 1105 2453 concursui
1120 2394 1279 2455 daemonis:

180 2522 221 2581 Io
235 2522 392 2582 Beelzebub
409 2523 547 2600 princepe
567 2522 773 2582 demoniorum
789 2523 865 2600 ejicit
879 2523 1022 2582 demonio
1038 2523 1127 2601 (Luc.
1143 2524 1184 2584 xi.
1201 2525 1281 2601 15.);

180 2660 246 2710 tum
260 2651 387 2723 ratione,
401 2671 461 2729 qua
472 2650 549 2711 illud
564 2650 731 2729 petierunt:
752 2650 910 2723 Teutautee,
920 2654 1036 2729 eipoum
1048 2653 1083 2711 de
1097 2653 1161 2712 eoelo
1176 2674 1281 2732 quore-

181 2781 252 2840 baat
272 2780 309 2840 ab
330 2802 361 2840 eo
377 2781 467 2858 (Luc.
481 2780 543 2841 ibid
568 2781 639 2858 16.),
651 2782 816 2859 prodidere.
858 2781 1037 2843 Immediate
1051 2793 1117 2859 poet
1137 2784 1281 2854 verba,et

180 2914 299 2989 riguum
312 2932 372 2971 nuo
386 2910 505 2971 dubitur
519 2913 555 2985 ei,
569 2912 707 2972 Christus
721 2912 804 2984 dicit,
819 2912 879 2972 nessei
891 2915 1008 2990 riguum
1022 2912 1108 2972 Jouoe
1121 2913 1281 2991 Prophetae.

182 3042 263 3102 siae
277 3045 353 3102 euim
360 3042 423 3119 suit
436 3041 531 3102 Joooe
543 3044 577 3101 io
590 3049 686 3101 veretro
700 3045 753 3102 reti
766 3042 857 3102 tribus
876 3042 976 3101 diebua
990 3050 1015 3101 et
1029 3042 1121 3101 tribue
1133 3043 1283 3102 nectitur:

182 3176 223 3232 eie
237 3175 292 3231 erit
305 3172 403 3231 ,Filiae
413 3172 537 3232 hominia
549 3175 583 3232 io
597 3173 680 3232 eorde
691 3179 774 3232 terre
788 3172 880 3232 tribue
894 3173 994 3232 diebus
1005 3180 1030 3231 et
1044 3172 1135 3231 tubus
1145 3173 1283 3233 noetibtu.

210 3299 400 3377 4.-Quibua
413 3301 516 3380 positis
526 3303 570 3362 ita
583 3301 697 3362 infero:
719 3302 878 3362 ostensum
891 3313 943 3376 eet,
952 3303 1020 3363 ideo
1033 3303 1151 3380 signum
1167 3304 1208 3364 ad
1222 3326 1282 3365 ore·

183 3431 315 3491 dendum
330 3451 349 3490 a
363 3430 522 3491 Pharisaeis
534 3433 702 3510 quaesitum,
716 3453 776 3492 non
791 3433 832 3492 eis
844 3433 960 3505 datum,
971 3433 1044 3511 quin
1056 3434 1145 3493 fuisse
1156 3435 1283 3512 denega-

184 3570 259 3632 tum,
268 3561 339 3638 quia
353 3570 383 3620 et
392 3560 474 3619 malo
484 3560 585 3620 animo
596 3570 625 3620 et
637 3561 773 3620 tentandi
788 3561 928 3639 cupidine
939 3560 1163 3640 expostulatum
1174 3562 1284 3624 fuerat,

183 3690 310 3770 Signum
324 3691 418 3769 igitur
430 3689 518 3751 Jonae
538 3690 705 3770 Prophetae,
719 3693 799 3771 quod
814 3693 977 3752 necessario
998 3692 1028 3751 in
1044 3693 1229 3771 oppositione
1242 3695 1282 3754 ad

184 3820 313 3880 alterum
328 3820 482 3891 tribuitur,
496 3820 654 3880 dicendum
673 3841 882 3899 responsurum
898 3821 985 3881 malis
999 3842 1101 3881 eorum
1116 3821 1284 3900 dispositio·
