2932 4860
242 540 297 602 viii
703 562 890 608 ennelino.

241 811 403 893 sepulcro,
420 812 511 877 hisce
534 815 642 878 verbis
658 816 829 898 patefecit:
853 821 870 845 “
883 816 1032 879 [should
1051 818 1086 881 be
1103 817 1191 899 glad
1210 828 1240 880 to
1262 816 1346 880 leave

240 947 325 1010 these
338 948 435 1012 views
449 950 604 1014 crihrired
621 954 784 1033 severely,’'
802 955 893 1037 quod
908 965 968 1032 est,
984 976 1121 1019 noscere
1137 956 1246 1038 cupio,
1262 975 1342 1017 num

242 1107 356 1150 verum
380 1088 431 1151 vel
456 1088 573 1151 salsum
590 1090 641 1165 sit,
654 1090 745 1171 quod
768 1089 858 1153 hisce
875 1092 908 1152 in
931 1090 1198 1173 ephemeridibus
1214 1089 1343 1170 scripti-

241 1225 315 1288 tavi.
362 1225 487 1287 Verum
512 1226 646 1307 quidem
670 1235 729 1303 est,
762 1248 869 1309 neque
902 1227 1112 1290 inficiandum
1137 1236 1227 1310 puta,
1252 1226 1344 1308 quod

242 1364 322 1425 dum
345 1362 438 1425 alteri
470 1384 654 1446 proponere
677 1366 847 1428 veritatem
871 1365 992 1441 studui,
1017 1365 1229 1447 mihimetipsi
1254 1363 1344 1426 haud

242 1521 359 1584 parum
376 1500 491 1584 profui.
539 1503 577 1564 ld
600 1503 687 1564 enim
712 1502 860 1565 utilitatis
883 1502 981 1564 simul
1005 1512 1105 1583 atque
1129 1501 1344 1564 emolumenti

242 1662 285 1704 ex
301 1661 341 1704 ea
356 1639 436 1702 mihi
453 1642 613 1722 provenit,
630 1649 665 1703 ut
681 1661 757 1703 cum
773 1639 967 1723 profundius
983 1638 1196 1702 fundamenta
1212 1648 1345 1700 contro-

241 1779 358 1842 versiae
373 1779 573 1860 vestigarim,
589 1778 686 1860 plene
707 1777 884 1840 scientifica
907 1779 1046 1840 evaserit
1069 1777 1226 1858 cognitio,
1243 1797 1342 1858 quam

241 1919 284 1980 de
299 1927 447 1999 tempore
471 1915 650 1998 sepulturae
674 1914 796 1978 Christi
819 1913 1040 1996 possidebam.
1088 1912 1218 1975 Gratias
1244 1913 1344 1993 igitur

147 2091 149 2095 <
241 2052 429 2115 adversario
452 2072 528 2132 agn,
544 2049 685 2130 majores
708 2050 806 2111 etiam
831 2047 1004 2123 habeo,ob
1028 2046 1171 2109 oblatam
1197 2049 1346 2108 occasio·

241 2209 317 2252 nem
335 2191 398 2252 mei
415 2188 644 2251 intellectualis
658 2187 834 2283 profectus.

286 2327 453 2388 Dominus
481 2327 591 2408 itaque
618 2327 760 2389 Watson
785 2328 817 2388 in
842 2326 990 2402 articulo,
1007 2327 1063 2408 qui
1090 2324 1170 2388 infra
1195 2325 1344 2402 habetur,

241 2472 380 2525 conatur
395 2464 587 2526 ostendere:
616 2463 773 2528 Clm'stum
796 2464 926 2547 integris
948 2465 1046 2528 trz'bus
1068 2465 1175 2527 diibus
1191 2466 1344 2527 mansisse

240 2601 274 2664 in
303 2601 449 2685 sepulcro.
511 2602 634 2667 Contra
664 2625 743 2667 vero
768 2605 918 2667 Ecclesia
943 2605 1123 2684 Catholica,
1146 2605 1344 2669 celebrando

240 2743 433 2806 memoriam
457 2745 572 2805 mortis
597 2744 718 2807 Christi
736 2744 788 2806 die
804 2744 944 2806 Veneris
968 2753 1001 2805 et
1017 2744 1264 2805 resurrectionis
1289 2743 1342 2805 die

240 2880 428 2955 Dominica,
439 2880 578 2960 practice
589 2882 704 2943 docet:
733 2879 890 2943 Christum
907 2900 968 2940 non
981 2880 1111 2960 integris
1122 2879 1220 2941 tri'bus
1235 2879 1344 2941 diebus

231 3020 338 3102 firisse
351 3021 515 3102 sepultum.

284 3158 482 3241 Djsquisitio
498 3160 681 3221 seeundum
705 3159 886 3222 exhibitam
912 3159 991 3220 mihi
1010 3158 1178 3221 materiem
1195 3178 1214 3220 a
1231 3156 1341 3219 claris-

241 3297 327 3359 simo
343 3298 530 3359 adversario
553 3307 628 3379 apte
645 3298 677 3359 in
694 3308 837 3379 quatuor
852 3299 1050 3380 dispescitur
1066 3297 1187 3379 capita;
1213 3297 1243 3356 in
1261 3315 1344 3376 quo-

241 3453 313 3495 rum
344 3435 451 3516 primo
482 3434 711 3516 expendentur
748 3436 936 3497 testimonia
966 3433 1095 3507 biblica,
1127 3452 1203 3513 quae
1238 3432 1342 3512 prima

244 3571 350 3635 fronte
367 3571 519 3640 videntur
535 3573 706 3633 contrariae
723 3570 830 3634 favere
846 3572 1027 3633 sententiae.
1061 3570 1096 3632 ln
1115 3569 1218 3632 altero
1235 3580 1345 3630 osten·

240 3712 337 3774 detur
360 3709 528 3774 Christum
552 3721 719 3772 mortuum
744 3730 816 3773 esse
837 3710 909 3792 ipso
933 3711 1039 3792 primo
1063 3710 1116 3771 die
1139 3726 1341 3788 azymorum.

244 3847 358 3922 Hunc,
372 3847 404 3908 in
420 3848 517 3909 tertio
534 3824 944 3929 capite⁸demonstrabitur‚
956 3867 1044 3907 anno
1060 3842 1232 3907 emortuali
1251 3841 1345 3905 Chri·

243 3989 295 4064 sti,
312 3987 466 4050 incidisse
490 3986 522 4047 in
539 3986 624 4047 diem
651 3985 799 4047 Veneris¹
846 3982 994 4045 Tandem
1020 3983 1050 4044 in
1074 3990 1243 4064 postremo
1267 4000 1344 4040 exa-

244 4127 325 4190 mini
349 4123 572 4204 subjicientur‚
589 4143 664 4202 quae
688 4120 883 4183 secundario
906 4129 1033 4181 tantum
1059 4139 1093 4179 se
1111 4116 1280 4178 habebunt
1302 4116 1344 4176 ad

244 4264 462 4348 quaestionem
483 4261 551 4342 jam
569 4260 711 4323 solutam
728 4268 827 4340 atque
844 4259 1028 4320 enodatam.
