2932 4860
186 588 245 651 155
487 607 684 662 nmomsmo
704 607 989 653 cmmoonmmos.

184 977 337 1041 —Matth.
353 977 409 1057 (iii.
432 977 512 1056 13.):
539 978 619 1041 luno
637 981 714 1040 oeni
727 978 814 1042 Jeme
833 1001 853 1040 a
879 979 1004 1042 Galum
1020 982 1054 1041 io
1072 980 1237 1042 Jordooem
1251 980 1293 1041 od

184 1107 339 1182 Jooooem,
363 1115 399 1169 ut
419 1108 615 1188 baptizaretur
636 1108 672 1169 al>
696 1107 827 1171 eo.—Jo.
857 1108 902 1188 (ii.
917 1109 997 1185 23.):
1024 1109 1098 1173 (ium
1111 1116 1207 1171 numm
1221 1116 1293 1171 eaaet

183 1237 367 1316 Jeroaolymia
387 1239 422 1299 ia
442 1237 556 1298 Poaolm
577 1239 611 1298 io
632 1237 680 1298 die
692 1237 897 1316 festu-Ibid.
913 1240 956 1317 (v.
972 1238 1034 1316 1.):
1055 1239 1125 1299 Post
1146 1237 1205 1299 luceo
1227 1245 1293 1298 erat

183 1368 245 1429 dieo
250 1367 342 1447 festus
352 1367 532 1442 Judaeum,
544 1375 569 1428 et
580 1367 708 1429 aseendit
716 1367 802 1429 Jeeua
812 1367 1147 1448 Jeroaolymom.-Ibid.
1160 1369 1216 1447 (vi.
1228 1368 1291 1446 4.):

184 1496 261 1557 Brut
283 1504 379 1558 autem
396 1499 564 1576 proximum
575 1495 692 1576 paseha,
704 1496 766 1558 dies
777 1496 871 1573 festus
889 1496 1190 1559 maiomam-Ibin.
1208 1496 1292 1576 (xix.

184 1627 261 1704 14.):
276 1626 352 1687 Brut
362 1633 457 1689 autem
465 1648 620 1707 paraseeve
627 1626 753 1708 poseium,
762 1627 834 1689 loro
845 1631 929 1709 qimai
938 1635 1025 1703 seem,
1035 1636 1062 1690 et
1072 1629 1143 1690 dicit
1152 1629 1292 1692 Jodaeis:

183 1754 321 1816 Eecerea
338 1761 432 1817 uester.
473 1754 507 1817 Si
528 1776 600 1835 ergo
621 1754 787 1835 baptismus
808 1755 867 1817 fuit
888 1766 1036 1819 autumno
1057 1778 1105 1820 aar.
1127 1759 1211 1838 vulg.
1229 1760 1291 1834 25„

182 1895 325 1967 quartum
339 1887 470 1948 solemne
483 1906 658 1966 azymorum
673 1907 692 1947 a
705 1885 864 1967 baptismo,
878 1886 910 1946 in
924 1887 1005 1967 quod
1025 1889 1089 1965 ejus
1110 1908 1189 1950 mors
1212 1889 1292 1950 inei-

166 2090 168 2093 ·
183 2016 237 2091 dit,
251 2016 343 2078 fuerit
356 2025 473 2096 oportet
486 2036 567 2078 anno
580 2036 629 2077 aer.
644 2016 718 2096 vulg
734 2016 781 2078 29.
803 2015 877 2077 Huo
897 2026 1043 2096 spectasse
1060 2017 1205 2078 videntur
1219 2039 1291 2097 quae

182 2147 320 2211 christus
332 2147 413 2209 dixit
426 2146 458 2207 in
480 2145 626 2227 parabola
647 2147 685 2208 de
705 2147 765 2208 ficu
786 2146 972 2209 infructuosa
986 2146 1062 2209 Luc.
1079 2147 1157 2226 (xiii.
1180 2148 1208 2210 7.
1224 2148 1269 2226 8.)
1283 2172 1290 2209 :

183 2278 256 2341 Beue
269 2280 344 2340 anui
358 2284 413 2340 tres
425 2284 501 2351 eunt,
515 2297 549 2338 ea
562 2297 618 2358 quo
631 2277 713 2338 uenio
724 2298 854 2358 quarata
860 2276 992 2356 seudum
1005 2279 1040 2338 iu
1046 2278 1176 2356 ficulneo
1185 2277 1250 2352 hoo,
1262 2285 1291 2340 et

181 2429 242 2471 ooo
254 2409 391 2496 inuenio:
411 2406 523 2469 ameide
537 2427 604 2485 erqo
617 2407 718 2468 illum:
732 2413 766 2467 ut
779 2407 851 2487 quid
864 2408 950 2468 aiam
960 2414 1067 2468 mom
1080 2409 1223 2485 oocupot!
1243 2408 1289 2469 At

181 2542 231 2604 ille
243 2541 428 2622 impendens,
441 2540 512 2602 dicit
524 2541 589 2601 illi:
610 2540 737 2602 Dmniue
751 2540 861 2603 dimitte
874 2540 956 2601 idom
969 2547 996 2601 et
1008 2539 1060 2602 loe
1073 2560 1161 2600 euno.

223 2670 453 2735 'Ia-Alterum
468 2679 689 2750 argumentum.
730 2669 877 2743 Christus,
888 2690 982 2750 quum
993 2669 1090 2749 primo
1104 2678 1171 2749 post
1184 2669 1285 2749 bapti·

182 2822 278 2863 smum
299 2801 340 2862 ad
359 2801 491 2862 solemne
510 2800 629 2862 Pascha
649 2801 786 2875 venisset,
800 2810 830 2863 et
850 2800 1102 2881 Hierosolymitas
1118 2801 1286 2881 alloquere·

67 3023 70 3026 ἡ
181 2925 240 3007 tur,
262 2931 342 2994 dixit
360 2931 420 2993 eis:
461 2931 565 2993 Solvite
586 2927 722 3011 templum
743 2930 802 3005 loo,
817 2939 843 2992 et
864 2933 898 2992 iu
920 2932 1012 2993 tribua
1034 2932 1135 2994 diebm
1157 2934 1285 2995 motolo

180 3063 264 3126 illud.
297 3064 445 3125 Dumuut
458 3084 525 3143 erqo
539 3062 662 3124 Judoei:
688 3062 896 3143 Quudroyioto
910 3072 935 3125 et
948 3085 996 3125 sea
1009 3065 1096 3126 ouum
1109 3064 1285 3145 oediftootum

181 3198 221 3254 eat
233 3191 369 3272 templum
381 3190 443 3266 hoo,
456 3198 483 3252 et
496 3198 529 3252 tu
541 3193 575 3252 io
596 3191 688 3252 tribua
710 3191 810 3252 dicim
832 3192 967 3253 eaeitabia
986 3193 1087 3254 illud!
1107 3193 1157 3256 Jo.
1174 3193 1219 3268 (ii.
1235 3194 1283 3256 19.

181 3322 252 3398 20.).
294 3321 371 3384 Haeo
384 3321 479 3401 liquet
492 3281 647 3400 nequeide
667 3321 781 3401 templo
803 3343 822 3382 a
844 3322 1004 3385 Salomone
1025 3333 1172 3398 extructo,
1187 3345 1285 3406 neque

180 3453 218 3514 de
230 3452 337 3533 templi
350 3452 568 3514 instauratione
580 3451 662 3513 facta
675 3471 695 3512 a
710 3451 894 3515 Zorobabele
915 3453 996 3514 dieta
1016 3463 1103 3527 sunt;
1124 3454 1282 3535 utriusque

91 3587 100 3608 ⁰
180 3587 260 3648 enim
275 3584 380 3665 templi
394 3583 553 3645 aedificatio
566 3603 627 3645 non
641 3583 844 3663 quadraginta
857 3605 910 3645 sex
925 3585 1011 3646 annis
1025 3584 1165 3664 indiguit
1187 3585 1282 3648 Dieta

178 3737 249 3797 ergo
262 3717 323 3779 sint
343 3735 460 3777 neeesse
480 3724 525 3777 est
543 3714 580 3776 de
602 3715 817 3789 molitionibus,
840 3717 949 3796 quibus
972 3736 1025 3776 rex
1049 3714 1187 3777 Herodes
1209 3725 1282 3778 tem-

179 3848 263 3929 plum
278 3846 318 3908 ad
332 3845 534 3926 augustiorem
549 3845 678 3907 formam
691 3846 815 3927 redegit.
848 3845 907 3907 Hae
922 3846 1089 3908 molitiones
1102 3847 1142 3909 ab
1157 3846 1282 3911 Herode

178 3979 312 4058 inoeptae‚
326 3977 401 4038 etin
415 3998 500 4058 quas,
513 3977 579 4057 ipso
593 3986 747 4057 regnante,
761 3977 833 4037 anni
847 3997 908 4037 non
929 3977 1060 4057 amplius
1074 3986 1141 4039 oeto
1155 3960 1282 4058 impensi
