2932 4860
507 596 703 651 msqulsmo
723 596 1008 640 cmrlcomsnrcs.

202 1107 375 1180 necessario,
400 1116 517 1186 tempus
539 1107 569 1166 in
593 1106 718 1168 laudato
742 1106 911 1168 testimonio
935 1106 1099 1167 arctissime
1120 1106 1307 1167 sumendum

201 1257 264 1296 esse
277 1245 378 1296 ratum
391 1237 438 1310 sit,
453 1257 512 1316 quo
532 1236 595 1297 solo
612 1257 753 1317 magnam
774 1246 890 1314 partem
905 1237 1013 1316 positio
1034 1236 1237 1297 labefactatur
1251 1237 1308 1297 ad·

201 1367 341 1440 versarii;
363 1376 457 1427 utres
471 1368 567 1448 magis
580 1368 611 1427 in
626 1369 788 1448 perspicuis
803 1377 934 1447 ponatur
954 1367 1213 1447 (quandoquidem
1229 1377 1307 1428 tem-

202 1517 258 1575 pus
272 1516 360 1556 omne
380 1495 422 1555 rei
443 1495 570 1575 alicujus
591 1496 711 1557 duratio
731 1497 789 1572 est)
804 1496 1016 1576 inquirendum
1033 1496 1134 1557 adhuc
1146 1507 1304 1576 superest:

201 1627 286 1705 cujus
300 1626 343 1686 rei
361 1626 550 1687 durationem
572 1629 692 1707 proprie
706 1628 821 1687 innuat.
863 1626 996 1706 Liquido
1017 1647 1123 1706 nempe
1136 1635 1167 1687 et
1179 1627 1306 1688 semotis

202 1755 390 1836 ambagibus,
410 1757 533 1835 quaestio
551 1766 611 1818 est:
636 1766 738 1818 utrum
758 1767 884 1836 tempus,
903 1756 941 1817 de
961 1777 1021 1835 quo
1040 1757 1201 1836 loquimur,
1223 1756 1305 1818 illud

201 1895 321 1947 tantum
334 1887 382 1958 sit,
396 1908 456 1966 quo
472 1887 611 1948 Christus
624 1887 655 1946 in
669 1887 805 1966 sepulcro
821 1888 928 1967 jacuit,
939 1887 989 1949 vel
1004 1897 1101 1948 totum
1115 1887 1203 1962 illud,
1218 1889 1302 1967 quod

201 2038 220 2078 a
240 2027 336 2077 morte
345 2018 384 2078 ad
404 2016 649 2078 resurrectionem
664 2018 775 2078 fluxit?
799 2018 964 2096 Responsio
979 2017 1049 2078 huic
1063 2018 1217 2096 quaestioni
1230 2038 1305 2097 pen-

203 2146 255 2206 det
269 2167 287 2206 a
300 2166 397 2219 sensu,
411 2147 462 2223 qui
477 2146 643 2224 loquutioni
659 2164 696 2205 ru
709 2163 820 2207 conon
833 2164 952 2206 raram
965 2155 1009 2207 est
1023 2145 1246 2207 adscribendus.
1267 2146 1306 2207 Si

199 2275 279 2335 enim
293 2276 462 2354 sepulcrum
478 2295 514 2335 ea
529 2274 687 2354 significat,
701 2275 954 2354 quemadmodum
974 2274 1113 2335 nonnulli
1126 2285 1304 2348 tenuerunt,

200 2415 318 2484 tempus
332 2415 412 2466 certe
431 2405 488 2466 erit
501 2405 641 2485 sepulcri,
653 2405 698 2467 uti
718 2404 871 2466 contendit
891 2404 1099 2478 adversarius;
1119 2405 1144 2465 si
1159 2426 1230 2466 vero
1245 2406 1304 2467 ali-

199 2535 272 2615 quid
289 2535 373 2594 aliud
396 2555 487 2613 quam
508 2534 688 2614 sepulerum,
702 2545 820 2614 tempus
842 2533 903 2594 illis
925 2534 1004 2594 notis
1025 2533 1225 2614 designatum,
1240 2537 1303 2596 erit

200 2666 280 2744 quod
301 2686 320 2724 a
337 2673 432 2725 morte
455 2664 495 2723 ad
517 2663 762 2723 resurrectionem
786 2663 968 2741 pertransiit.
1010 2663 1078 2742 Age
1103 2684 1202 2742 porro,
1217 2665 1301 2743 quod

200 2793 336 2872 loquutio
364 2793 405 2852 Ia
424 2791 508 2852 corde
532 2798 616 2851 tmoe
635 2791 767 2863 denotat,
788 2786 1023 2870 haudquaquam
1045 2802 1090 2852 est
1116 2792 1302 2870 sepulcrum.
1340 2770 1361 2827 Ι·

198 2923 286 2996 Saue,
299 2923 324 2983 si
348 2922 403 2982 illa
423 2921 560 2999 loquutio
577 2919 747 2997 sepulcrum
769 2920 925 2993 indicaret,
942 2919 1107 2997 aliquando
1126 2920 1234 2981 saltem
1254 2921 1300 2981 sic

201 3053 286 3113 reddi
300 3051 449 3112 debuisset
463 3049 602 3111 orientali
622 3048 840 3110 occidentalive
856 3048 960 3127 aliqua
973 3048 1136 3109 bibliorum
1154 3049 1301 3110 versione.

199 3187 244 3247 At
258 3184 441 3246 contrarium
463 3182 585 3243 omnino
598 3190 659 3253 est;
679 3180 711 3240 in
725 3179 812 3239 nulla
832 3180 911 3240 enim
932 3179 1102 3258 sepulcrum
1125 3178 1191 3239 loco
1206 3179 1302 3241 citato
1377 3213 1379 3217 1

198 3318 318 3397 legitur,
340 3326 374 3376 ut
398 3314 589 3374 manifestum
610 3312 646 3372 fit
669 3333 708 3372 ex
732 3311 920 3390 sequentium
946 3310 1117 3372 versionum
1143 3330 1302 3373 enumera·

199 3451 288 3511 tione.

239 3581 256 3640 7
261 3578 392 3639 .—Ante
405 3590 518 3637 ceteras
531 3595 643 3648 omnes,
655 3583 700 3634 est
713 3572 763 3633 hic
776 3570 916 3651 ponenda
929 3569 1026 3631 versio
1040 3567 1204 3629 bibliorum
1217 3568 1302 3648 Syri-

197 3728 252 3767 aca
267 3705 406 3784 simplex,
420 3705 469 3765 cui
489 3703 579 3765 titulo
593 3712 636 3763 est
650 3701 799 3771 Pactum
819 3683 918 3779 primo
931 3698 1010 3759 enim
1033 3698 1176 3759 Ecclesiae
1189 3699 1301 3760 saeculo
1318 3714 1320 3718 '

197 3869 215 3908 a
231 3847 305 3908 uiris
318 3845 340 3908 J
342 3843 617 3905 udaeo-Christianis
630 3840 795 3913 elaborata,
811 3859 953 3917 magnam
970 3837 1085 3898 obtinet
1099 3838 1130 3896 in
1145 3858 1178 3896 re
1193 3838 1301 3899 critica
