2932 4860
190 578 249 641 139
492 595 687 651 n1soo1s1r10
707 587 1002 640 cmmooarnmm:

189 1098 269 1173 durch,
283 1104 332 1173 τὴν
353 1102 407 1154 τῶν
426 1098 538 1167 ἀζὺμων
559 1100 715 1172 λεγομένην,
736 1095 819 1159 Unde
838 1097 873 1156 im
892 1097 1058 1156 memoriam
1075 1097 1158 1156 istim
1178 1096 1291 1175 inopt'ae

182 1245 239 1305 pcc
252 1232 310 1287 octo
335 1225 397 1288 dica
408 1227 516 1306 fectum
535 1225 715 1299 celebrantia,
730 1223 806 1304 quod
826 1223 934 1284 dicitur
953 1223 1136 1306 Azymomm.
1157 1223 1287 1285 Nullam

185 1354 280 1435 igitur
303 1375 404 1416 creare
428 1355 538 1416 debent
561 1353 769 1415 difficultatem
793 1353 888 1414 verba
910 1352 1007 1414 Marc.
1033 1352 1110 1432 (xiv.
1135 1353 1220 1430 12.):
1247 1353 1291 1414 Et

180 1488 279 1568 primo
294 1487 342 1549 dte
354 1487 538 1566 Arymmam,
552 1486 668 1568 qomodo
681 1485 796 1546 Pascha
808 1485 995 1546 immotam
1002 1507 1013 1556 ,·
1033 1505 1129 1565 neque
1142 1485 1199 1546 illa
1210 1485 1288 1547 Luc.

189 1618 279 1697 (xxii.
294 1618 355 1692 7.):
383 1617 467 1682 Venit
480 1623 575 1678 autem
589 1616 651 1677 dica
669 1616 853 1695 Azynwram,
865 1618 900 1677 io
920 1637 978 1696 qam
990 1637 1098 1677 ncccaac
1118 1622 1180 1677 crat
1193 1616 1289 1676 occidi

180 1745 311 1826 pmchm
332 1755 457 1825 uterque
470 1746 550 1807 enim
572 1745 769 1825 Evangelista
790 1756 856 1807 octo
871 1745 933 1806 dies
954 1766 1126 1826 azymorum
1147 1766 1290 1806 numera-

185 1877 239 1949 vit,
254 1896 381 1956 quorum
395 1876 510 1956 primus
523 1875 582 1936 fuit
602 1875 870 1955 decimusquartus,
884 1875 916 1934 in
932 1875 1017 1955 cujus
1030 1875 1167 1936 secundis
1182 1895 1286 1955 vespe·

145 2072 146 2075 Ἴ
184 2006 225 2066 ris
239 2005 357 2067 Pascha
378 2005 595 2067 celebrabatur.
636 2005 751 2066 Eodem
775 2005 864 2066 modo
883 2015 953 2066 sunt
971 2004 1168 2084 intelligenda
1190 2005 1288 2066 verba

184 2135 297 2199 Matth.
314 2136 413 2216 (xxvi.
429 2136 508 2215 17.):
530 2136 635 2196 Rima
655 2143 751 2197 autem
768 2136 816 2197 dic
829 2156 992 2216 ozyomrcm
1011 2142 1186 2197 acccmcratm
1200 2134 1291 2196 do'oci·

178 2266 249 2344 pali
262 2265 303 2325 od
315 2265 426 2339 Jcaum,
440 2264 579 2326 dicenter:
607 2264 663 2326 Uti
675 2264 864 2342 vaporemus
876 2264 931 2325 tibi
943 2263 1086 2325 comedere
1100 2263 1238 2343 poradta!
1259 2264 1288 2325 is

185 2397 264 2458 enim
279 2396 414 2457 eamdem
429 2415 492 2456 rem
506 2403 620 2470 narrat,
630 2405 721 2476 atque
734 2395 781 2455 illi
802 2395 870 2456 duo.

226 2526 452 2589 (id-Secunda
472 2526 693 2589 animadversio
713 2535 757 2586 est
776 2525 914 2588 facienda
935 2524 1034 2605 quoad
1054 2524 1132 2585 illud
1151 2524 1289 2588 testimo·

184 2659 270 2719 nium
283 2658 332 2721 Jo.
347 2657 427 2732 (xiii.
442 2656 494 2735 1.),
509 2677 569 2736 quo
583 2676 818 2718 commemorans
832 2665 1012 2744 postremam
1027 2655 1141 2717 Christi
1154 2675 1289 2731 omnam,

184 2787 258 2850 dicit
270 2788 401 2848 factam:
422 2785 502 2846 Anto
515 2786 591 2847 diem
603 2785 712 2861 sertam
726 2784 860 2865 poachoe3
883 2785 946 2846 haec
959 2785 1039 2847 enim
1059 2784 1154 2848 verba
1174 2784 1288 2865 aliqui-

181 2916 242 2978 bus
261 2915 409 2977 dederunt
428 2935 533 2977 ansam
554 2914 682 2988 dicendi,
704 2913 858 2975 Christum
882 2913 1025 2976 Paschati
1045 2913 1106 2975 Suo
1122 2923 1284 2993 operatum

181 3047 272 3108 fuisse
285 3056 355 3107 ante
368 3046 510 3127 paschale
522 3046 631 3108 festum
646 3066 664 3107 a
678 3045 869 3125 pontificibus
879 3045 1026 3107 indictum
1038 3054 1069 3107 et
1078 3044 1290 3126 illegitimum.

181 3176 240 3238 Sed
254 3196 383 3250 erronee,
392 3175 415 3238 J
416 3196 442 3237 o.
457 3175 536 3236 enirn
550 3174 605 3235 illa
625 3175 799 3255 loquutione
820 3174 899 3236 idem
921 3174 1062 3254 paschale
1079 3174 1187 3236 festum
1201 3174 1286 3236 indi·

182 3326 249 3368 carc
263 3306 400 3380 intendit,
414 3305 464 3366 cui
484 3304 728 3385 Hierosolymitae
741 3305 843 3366 eodem
859 3304 916 3380 die,
930 3326 990 3386 quo
1010 3305 1146 3366 Christus
1162 3306 1287 3385 operati

179 3437 270 3499 fuere.
311 3435 481 3516 Usurpavit
494 3456 566 3498 vero
579 3435 657 3496 illud
672 3439 725 3510 πρὸ
740 3439 770 3492 δὲ
784 3444 836 3509 τῆς
846 3440 949 3512 ἑορτῆς
962 3443 1013 3494 τοῦ
1025 3441 1120 3512 πάσχα
1132 3435 1173 3497 ad
1185 3434 1283 3516 signi.

180 3567 331 3629 ficandnm
345 3567 444 3646 potius
464 3587 547 3629 more
560 3566 777 3641 Romanorum,
792 3565 889 3627 lucem
910 3565 1092 3646 diurnasque
1105 3565 1196 3628 horas
1215 3567 1284 3630 diei

178 3697 255 3772 festi,
270 3717 360 3777 quam
375 3697 474 3776 ipsum
488 3696 568 3757 diem
588 3697 697 3757 festum
712 3695 898 3770 Judaoorum,
911 3695 1035 3776 perinde
1055 3716 1091 3757 ac
1104 3715 1158 3757 nos
1178 3695 1285 3759 facere

179 3826 317 3900 solemus,
331 3847 423 3906 quum
445 3811 511 3905 qiiae
530 3825 608 3886 fiunt
623 3825 701 3887 inter
720 3846 875 3906 vesperam
896 3825 1032 3901 Sabbati,
1052 3826 1133 3906 quod
1153 3837 1198 3888 ost
1219 3830 1288 3924 pri·

178 3956 227 4018 die
241 3954 406 4030 Paschatis‚
419 3964 449 4017 et
462 3956 540 4016 inter
559 3955 690 4016 madiam
710 3965 837 4029 noctem,
851 3955 974 4016 minime
987 3954 1161 4016 dubitamus
1175 3954 1284 4020 dicere
