2932 4860
545 583 741 638 nlsoummo
761 584 1046 629 calewo-mames.

242 1104 301 1144 non
321 1084 360 1145 sit
373 1084 409 1145 iis
423 1085 666 1161 determinatum,
681 1086 873 1167 quandonam
889 1087 1026 1150 Christus
1040 1060 1155 1150 caenam
1170 1089 1344 1168 paschalem

240 1215 351 1294 egerit;
372 1215 485 1277 idcirco
512 1216 544 1276 id
571 1237 664 1276 unum
693 1216 854 1278 dicendum
881 1216 985 1279 fuisset
1012 1217 1201 1279 adversario:
1222 1238 1263 1278 ex
1284 1218 1346 1279 illis

239 1344 416 1405 testimoniis
438 1365 498 1406 non
522 1355 666 1419 constare,
681 1344 835 1408 Christum
859 1367 976 1408 coenam
999 1346 1171 1426 paschalem
1184 1348 1346 1427 sumpsisse

238 1474 362 1537 ineunte
374 1475 424 1535 die
437 1474 668 1556 decimaquinta.
692 1475 818 1551 Verum,
833 1476 858 1536 is
873 1497 1062 1557 nequaquam
1077 1477 1120 1538 ita
1133 1498 1164 1538 se
1177 1478 1278 1557 gessit,
1292 1479 1345 1540 sed

241 1603 376 1683 positive,
392 1604 530 1679 intendit,
554 1625 666 1684 agnum
692 1605 864 1685 paschalem
885 1606 1010 1667 mactari
1033 1606 1111 1667 inter
1131 1627 1269 1668 occasum
1284 1608 1345 1668 diei

241 1732 432 1795 decimitertii
453 1743 484 1795 et
504 1733 624 1795 initium
646 1734 876 1815 decimiquarti,
898 1745 928 1798 et
948 1735 988 1797 ad
1002 1736 1059 1796 hoc
1079 1736 1271 1816 probandum
1292 1738 1346 1798 ad-

240 1863 331 1925 duxit
350 1861 521 1924 testimonia
538 1883 573 1924 ea
587 1863 729 1942 praedicto
748 1884 873 1925 numero
888 1864 1033 1944 exposita
1055 1863 1187 1926 Proinde
1200 1865 1278 1940 dico,
1289 1865 1345 1926 ali·

242 1993 322 2074 quod
343 2013 404 2054 esse
424 1991 529 2053 debuit
548 1991 739 2072 principium,
754 1992 799 2053 uti
820 2012 925 2054 revera
944 2001 997 2067 est,
1016 1994 1105 2071 quod,
1121 1993 1214 2072 juxta
1234 1995 1344 2074 ipsum,

193 2095 195 2098 Ι
242 2123 338 2203 exigit
352 2132 386 2184 ut
399 2124 562 2186 numeralis
576 2122 791 2204 qmmdeama
804 2121 845 2182 cd
860 2144 1005 2202 vesperem
1025 2123 1147 2185 denotet
1166 2124 1281 2203 primas
1295 2145 1346 2187 ve·

239 2276 350 2336 speras.
392 2255 586 2335 Quapropter
609 2274 702 2334 quum
719 2253 783 2333 (nn.
811 2253 954 2332 54-58.)
984 2253 1222 2314 demonstratum
1251 2253 1345 2314 fuerit

144 2400 146 2405 ’
240 2386 371 2459 abunde,
391 2385 561 2447 testimonia
583 2385 626 2463 (n.
644 2383 706 2461 53.)
728 2383 833 2458 relata,
848 2403 909 2444 esse
929 2381 1126 2463 intelligenda
1146 2383 1184 2444 de
1204 2384 1345 2445 secundis

241 2517 380 2597 vesperis,
394 2537 430 2578 ac
451 2516 577 2596 proinde
597 2536 658 2576 esse
674 2515 891 2589 determinata;
912 2524 1046 2594 superest
1059 2524 1094 2576 ut
1114 2514 1213 2594 ipsum
1234 2515 1346 2594 princi·

242 2648 325 2728 pium
341 2646 552 2718 consideretur,
563 2644 612 2705 cui
625 2644 748 2704 innixus
759 2643 956 2717 adversarius,
967 2663 1053 2704 suam
1064 2643 1157 2704 tuitus
1171 2652 1215 2704 est
1228 2652 1345 2704 senten-

240 2779 325 2852 tiam,
337 2775 600 2856 perspiciaturque,
614 2794 653 2833 an
668 2782 698 2833 et
712 2781 859 2852 quantum
873 2772 912 2832 ad
928 2792 990 2832 rem
1005 2771 1105 2833 faciat.

283 2897 521 2980 (ih-'Dominus
534 2903 664 2967 Watson
679 2925 697 2965 a
710 2924 835 2966 numero
849 2903 980 2965 secundo
993 2902 1034 2963 ad
1048 2902 1197 2982 quintum,
1211 2912 1343 2982 quatuor

122 3066 126 3072 ·
242 3040 327 3121 ponit
350 3037 446 3100 veluti
468 3055 595 3098 canones
617 3034 696 3095 diem
720 3033 907 3114 respicientes
930 3032 1117 3094 naturalem:
1140 3032 1270 3107 “Judsei,
1290 3032 1343 3108 ait,

242 3170 305 3231 dies
318 3166 496 3230 dividebant
509 3163 661 3226 naturales
675 3163 715 3224 ad
729 3162 859 3225 invicem
873 3163 912 3224 ab
934 3183 1040 3224 occasu
1054 3161 1124 3239 solis
1138 3161 1214 3224 Gen.
1231 3163 1265 3242 (i.
1281 3165 1341 3242 5.):

240 3297 461 3378 Appellccitqoe
480 3295 569 3355 lucem
589 3293 685 3367 Diem,
699 3299 725 3352 et
745 3291 876 3353 tenebras
898 3291 1037 3353 Noctem:
1051 3291 1218 3373 suetamque
1240 3300 1279 3354 est
1300 3315 1343 3355 cc·

241 3450 322 3511 spere
336 3435 362 3490 et
374 3448 467 3501 mooe,
482 3425 544 3488 dies
556 3446 642 3487 anus.
686 3424 776 3504 (vers.
791 3423 834 3502 8.)
848 3425 891 3486 Et
903 3424 1016 3504 sactum
1030 3431 1069 3486 ert
1081 3445 1194 3504 caepere
1202 3388 1234 3486 et
1246 3447 1348 3501 mccc,

241 3560 303 3624 dies
315 3557 464 3621 scandas.
488 3555 577 3636 (vers.
590 3554 652 3633 13.)
667 3555 708 3616 Et
714 3555 828 3634 sactum
841 3562 889 3629 est,
898 3575 1010 3634 caepere
1021 3561 1047 3614 et
1056 3575 1150 3628 cruce,
1161 3553 1223 3617 dies
1233 3558 1342 3618 tertiata.

242 3691 331 3771 (vers.
347 3686 409 3766 19.)
420 3687 461 3747 Et
472 3685 585 3765 suctum
599 3691 638 3746 est
650 3705 763 3764 vespere
776 3689 803 3745 at
815 3682 980 3758 monadica
994 3689 1121 3764 quartam
1143 3681 1217 3744 Dies
1231 3684 1343 3746 duode-

242 3818 301 3882 cim
315 3817 458 3877 horarum
469 3813 632 3896 incipiebat
645 3813 764 3875 abortu
775 3812 855 3888 solis,
865 3822 895 3874 et
906 3812 1090 3891 perdurabat
1100 3833 1194 3894 usque
1204 3813 1244 3874 ad
1258 3835 1342 3877 occa·

241 3966 317 4009 sum.
337 3945 388 4008 Jo.
403 3902 458 4023 (ni.
473 3941 516 4022 9.)
530 3965 544 4005 :,
560 3941 669 4004 Nonae
690 3941 840 4003 duodecim
859 3946 927 4002 suat
940 3940 1017 4003 horca
1038 3940 1099 4004 diei
1108 3944 1124 4002 l
1145 3941 1257 4006 Matth.
1274 3944 1342 4024 (xx.
