2932 4860
482 588 678 642 DISQUISITIO
698 588 982 633 ΟΒΙΤῙΟΟ-ΒΙΒΜΟΔ.

187 960 349 1019 secundum
373 981 392 1020 a
406 960 546 1021 calendis.
588 959 736 1021 Praeterea
750 969 867 1022 constat
880 981 919 1021 ex
933 960 981 1023 Jc.
997 963 1065 1039 (xx.
1084 961 1147 1036 26.)
1164 961 1290 1024 Judaeos

183 1088 348 1167 adpellasse
370 1099 436 1150 octo
459 1090 529 1162 dies,
545 1100 661 1168 tempus
683 1090 763 1169 quod
784 1091 863 1150 inter
883 1090 944 1151 duo
964 1090 1092 1151 sabbata
1113 1092 1286 1163 intercedit,

181 1241 292 1299 nosque
312 1220 533 1280 hebdomadam
555 1220 783 1299 adpellaremus.
826 1220 875 1281 Sic
889 1220 942 1281 ubi
956 1221 1038 1300 apud
1053 1221 1128 1282 Luc.
1145 1223 1202 1300 (ix.
1216 1223 1282 1301 28.)

181 1349 300 1422 dicitur,
316 1350 384 1409 Post
406 1350 545 1426 dicessere
566 1358 634 1424 octo,
654 1362 698 1413 est
720 1352 801 1430 apud
824 1351 934 1412 Matth.
957 1352 1045 1428 (xvii.
1068 1352 1110 1429 1.)
1132 1362 1163 1415 et
1184 1353 1285 1415 Marc.

183 1480 237 1558 (ix.
261 1481 322 1558 2.):
345 1482 412 1540 Post
433 1503 480 1541 aar
502 1482 580 1553 dica·
612 1483 683 1561 quia
707 1483 849 1542 nimirum
872 1483 986 1562 primus
1008 1491 1038 1544 et
1060 1483 1186 1544 ultimus
1207 1486 1285 1558 dies,

181 1633 273 1690 quum
298 1633 358 1672 non
383 1622 478 1672 essent
501 1613 618 1691 integri,
640 1612 711 1673 licet
734 1612 773 1672 ab
798 1633 858 1672 uno
879 1612 1077 1691 Evangelista
1104 1615 1285 1687 enumerati,

180 1759 199 1798 a
214 1740 335 1819 reliquis
349 1740 466 1801 duobus
481 1742 579 1801 omissi
596 1752 675 1802 sunt.

221 1871 385 1932 iti-Haec
406 1872 571 1950 proprietas
599 1871 803 1933 numeralibus
823 1872 979 1934 adtributa
1000 1873 1040 1933 ab
1067 1894 1133 1946 usu,
1155 1895 1291 1953 quaeque

179 2001 237 2061 hac
251 2003 405 2062 enunciari
422 2012 520 2079 posset
539 2001 687 2062 formula:
709 2002 884 2063 Nurncralia
908 2005 1053 2063 continenti
1074 2006 1171 2065 minus
1193 2026 1283 2080 quum

178 2133 352 2211 siqnifimnt,
367 2153 454 2211 quarm
469 2131 643 2192 adhibentur
656 2131 697 2191 cd
711 2139 820 2210 tempus
832 2133 1079 2212 'significandum
1101 2134 1184 2207 facit,
1197 2143 1233 2196 ut
1248 2156 1284 2196 ea

178 2263 323 2324 sumenda
337 2264 396 2324 sint
410 2285 525 2343 semper
539 2264 619 2324 infra
632 2265 673 2338 id,
688 2265 768 2343 quud
788 2264 967 2342 significant.
1010 2265 1124 2327 Caussa
1138 2268 1283 2346 exempli,

179 2414 272 2472 quum
294 2394 444 2467 audiatur,
465 2393 553 2455 Jcsus
574 2394 711 2455 Christis
728 2403 816 2454 natus
837 2404 881 2454 est
901 2395 950 2454 die
970 2393 1078 2456 XXV.
1093 2395 1283 2472 Decembris,

180 2534 329 2602 postrema
344 2525 443 2586 unitas
457 2526 488 2585 in
503 2525 645 2605 praedicta
660 2525 735 2586 cisra
746 2546 805 2585 non
820 2534 864 2586 est
874 2528 1019 2587 sumenda
1030 2548 1084 2606 pro
1098 2527 1147 2588 die
1157 2529 1284 2608 viginti-

178 2655 308 2734 quatuor
322 2656 464 2716 horarum
481 2657 546 2735 jam
561 2655 689 2734 explete.
720 2655 811 2716 Ratio
826 2666 879 2728 est,
894 2656 966 2735 quia
980 2657 1011 2716 in
1026 2657 1081 2718 tali
1096 2679 1166 2719 casu
1180 2660 1284 2721 dicen-

178 2787 252 2846 dum
265 2787 342 2847 foret
364 2786 501 2847 Christus
522 2796 613 2846 natus
625 2795 669 2846 est
682 2785 731 2845 die
752 2784 879 2846 XXVI.
894 2806 988 2865 quum
1002 2787 1034 2846 in
1048 2787 1113 2866 ipso
1126 2799 1283 2850 momento

179 2915 388 2993 complementi
403 2916 491 2976 unius
505 2916 630 2976 unitatis
650 2915 752 2976 statim
770 2916 938 2995 ingreditur
952 2917 1055 2979 altera.
1098 2917 1147 2978 Ita
1168 2919 1284 2980 intelli-

179 3044 261 3123 gitur
274 3065 392 3123 quoque
405 3015 633 3106 ratiofcrmulae
651 3045 867 3117 Romanorum,
882 3047 934 3124 qui
948 3048 988 3108 ad
1009 3050 1175 3109 notandum
1197 3051 1289 3112 diem

179 3175 308 3236 XXIX.
323 3174 419 3250 Junii,
434 3177 483 3239 vel
497 3175 604 3237 XXX.
620 3176 697 3238 Julii
717 3189 747 3239 et
762 3180 905 3258 Augusti,
919 3178 1108 3240 scribebant:
1130 3178 1191 3242 III.
1215 3181 1285 3242 Ka-

178 3304 282 3364 lendas
298 3305 453 3381 Quintilis,
467 3307 599 3381 Sextilis,
614 3310 804 3389 Septembris.
844 3311 1044 3390 Consequitur
1054 3310 1186 3388 proinde,
1196 3315 1283 3390 quod

178 3437 234 3496 nisi
250 3436 365 3514 aliquid
379 3447 507 3512 notetur,
519 3460 578 3518 quo
592 3439 685 3501 lector
696 3442 897 3520 praeveniatur
908 3440 939 3499 in
951 3459 1021 3500 casu
1035 3439 1137 3518 aliquo
1148 3440 1283 3518 particu-

178 3564 255 3638 lari;
277 3567 445 3627 numeralia
465 3577 583 3647 tempus
604 3570 802 3650 designantia,
817 3579 887 3631 sunt
907 3589 1023 3648 semper
1049 3578 1080 3630 et
1100 3569 1213 3648 ubique
1235 3591 1283 3630 su-

179 3696 296 3769 menda,
321 3707 411 3773 prout
435 3719 505 3758 usus
526 3701 641 3773 statuit,
656 3701 736 3779 quod
761 3710 813 3774 est,
835 3700 915 3760 infra
937 3700 978 3773 id,
996 3699 1077 3779 quod
1099 3699 1282 3778 significant.

177 3824 333 3887 Concludo
354 3827 463 3906 itaque,
478 3829 632 3896 numerale
656 3833 740 3890 tertio
762 3829 809 3890 die
829 3830 921 3890 trium
944 3829 1077 3889 locorum
1101 3839 1282 3890 memorato

178 3957 254 4028 rum,
269 3975 329 4015 non
344 3966 387 4016 est
400 3958 578 4018 sumendum
592 3979 646 4038 pro
660 3959 757 4038 spatio
778 3958 1110 4038 septuaginta-duarum
1125 3958 1281 4019 horarum.

218 4085 516 4151 41.—Oorollarium.
558 4088 590 4149 Si
611 4108 716 4150 revera
740 4088 886 4161 Christus,
908 4088 954 4147 uti
976 4096 1103 4148 conatur
1124 4087 1282 4148 ostendere
