2932 4860
176 141 235 203 173
475 160 671 215 orsomsrmo
691 160 975 206 csrmcosrsurou.

175 403 241 482 (qui
262 403 420 482 respondet
439 412 540 465 nostro
562 404 608 466 17.
632 403 747 479 Martii,
761 405 825 467 sive
845 424 872 466 a.
887 404 915 466 d.
938 403 1027 467 XVI.
1042 403 1104 467 kal.
1125 406 1230 485 Apr.),
1245 415 1276 467 et

174 529 245 592 XV.
258 531 408 593 ineuntem
421 533 488 612 (qui
499 533 656 612 respondet
666 542 767 596 nostro
780 534 826 596 18.
838 533 1028 626 Martii,sive
1038 554 1065 595 a.
1079 533 1108 595 d.
1124 533 1197 596 XV.
1208 535 1276 597 kal.

173 662 264 742 Apr.)
273 674 304 724 et
313 663 463 742 quisbue
473 683 538 724 aerae
547 662 631 743 vulg.
639 664 687 726 29.
695 663 866 726 inciderunt
875 665 907 724 iu
918 665 980 726 dies
990 665 1072 726 Josa's
1081 674 1112 725 et
1128 664 1277 742 Veseris),

171 813 208 853 ex
223 793 394 872 praescripto
409 792 500 872 Legis
513 792 663 867 Mosaioae,
677 793 790 855 Pescla
811 815 880 855 eum
898 794 1052 874 discipulis
1065 794 1134 856 Suis
1153 793 1275 858 Jeroso·

170 924 260 1004 lymis
281 923 611 985 celebravit-Eadem
631 933 718 985 noete
738 923 798 985 diei
812 923 897 998 XV,
911 923 963 1003 qui
977 925 1096 1002 puseus
1116 923 1178 985 alies
1197 923 1278 1004 Azy·

170 1076 281 1116 uarum
301 1063 375 1128 erat,
396 1055 531 1133 eapitur;
551 1055 691 1134 horisque
712 1054 827 1115 diurnis
848 1053 974 1132 a'usdaa
1001 1053 1083 1114 eruci
1103 1053 1220 1133 figitur,
1242 1063 1275 1115 et

169 1184 297 1245 moritur
312 1182 375 1262 (Jo.
400 1184 465 1246 xix.
489 1184 570 1263 14.):
599 1185 675 1246 Erat
698 1193 793 1246 aulem
811 1206 967 1264 paraseeve
983 1184 1275 1247 Palla-Eadem

172 1315 221 1376 die
236 1313 299 1395 (Jo.
314 1315 387 1376 ibid.
402 1316 465 1390 31.)
480 1315 583 1377 Judoei
596 1317 732 1397 quoniam
749 1337 902 1395 paraseeve
916 1322 978 1377 erat
992 1316 1069 1396 (dies
1082 1316 1226 1395 Veneris)
1242 1325 1277 1378 ut

169 1467 230 1506 ueu
243 1453 425 1507 remanerent
435 1448 468 1507 iu
482 1467 564 1507 muse
574 1467 693 1526 euporo
703 1445 826 1507 Sahlala
839 1446 979 1525 (septime
990 1446 1038 1507 die
1048 1445 1276 1523 hebdomadis),

168 1580 321 1643 eratenim
334 1598 458 1656 mayuus
471 1575 533 1637 dies
546 1577 596 1637 ille
615 1575 931 1655 &hiersolymorum
951 1576 1090 1649 Pilatum,
1103 1582 1136 1636 ut
1148 1575 1276 1656 frauye·

166 1713 271 1767 reulus
284 1727 382 1767 eorum
395 1727 492 1779 satra,
506 1713 533 1767 et
546 1705 811 1766 tollemus—Ad
827 1677 964 1767 occasum
978 1705 1048 1767 solis
1062 1705 1195 1786 ejusdem
1209 1708 1275 1769 diei

175 1839 301 1912 Veneris,
315 1859 354 1899 ex
371 1838 542 1917 praesoripto
557 1837 648 1916 Legis
663 1836 804 1898 Mosaiose
818 1836 923 1915 (Deut.
943 1837 1007 1897 xxi.
1022 1835 1095 1913 23.),
1108 1838 1273 1917 sepelitur:

168 1969 209 2029 El
231 1968 292 2029 dies
312 1975 374 2029 erat
389 1987 558 2046 parasceves
582 1972 608 2026 et
628 1965 786 2027 Sabbatum
811 1966 952 2045 (septime
972 1965 1035 2027 dies
1055 1965 1271 2047 hebdomadis)

165 2098 342 2159 illucescebat
360 2097 450 2176 (Lus.
471 2096 558 2158 xxiii.
580 2096 767 2176 54.).—Post
780 2097 897 2173 tempus¹
915 2096 1076 2176 sepulturae
1088 2097 1275 2178 ingreditur,

167 2237 201 2288 ut
212 2229 255 2289 sit
267 2227 378 2289 Matth.
392 2227 502 2307 (xxvii.
515 2226 577 2304 62.)
588 2250 595 2288 :
610 2226 713 2288 Altera
724 2273 730 2288 .
743 2274 750 2288 .
762 2274 769 2288 .
781 2273 789 2288 .
800 2226 870 2301 dies,
884 2248 948 2307 qaeu
961 2234 1000 2287 est
1007 2234 1074 2306 pest
1081 2248 1271 2306 parasceuen,

167 2358 262 2438 (quod
286 2367 339 2430 est,
361 2358 424 2418 dies
444 2358 572 2438 septima
591 2356 796 2431 hebdomadis,
813 2356 888 2436 qus)
910 2363 1101 2418 aeuueueruul
1115 2359 1272 2438 pampas

164 2487 342 2548 saaerdolum
370 2493 395 2546 el
422 2485 568 2546 Pharusi
588 2485 628 2546 ad
654 2485 795 2560 Pilatum,
816 2484 957 2546 debentes:
979 2486 1105 2546 Domine
1124 2486 1271 2548 recordati

164 2637 272 2690 sumu,
286 2618 356 2697 qua
375 2615 504 2676 rauel
526 2615 574 2675 eu
593 2614 668 2675 aaa
685 2614 780 2675 aaa
805 2617 916 2676 alea.-
937 2614 1007 2676 Pla
1027 2622 1083 2676 tra
1099 2615 1161 2677 uta
1174 2577 1270 2678 reiu-

163 2765 240 2823 qam.
256 2790 263 2805 .
278 2790 285 2805 .
301 2791 308 2805 .
322 2743 400 2805 Jube
413 2764 480 2822 erqo
494 2743 633 2804 uslodiri
652 2743 814 2823 sepulerum
826 2745 959 2824 usquein
973 2743 1049 2805 diem
1063 2746 1198 2807 muium.
1214 2793 1221 2808 .
1236 2793 1266 2808 ..

163 2873 305 2946 matula,
316 2873 485 2934 muuiauul
499 2872 670 2952 sepuhrutu
