2932 4860
179 571 237 631 185
479 586 675 640 orsoursrrro
696 584 980 630 ccrrrcocrcurcu.

188 1092 316 1166 Εὸὃόμην
338 1098 442 1167 ἡμέραν
463 1094 525 1167 ἥτις
554 1095 681 1149 αάόὸατα
703 1096 836 1166 καλεῖται,
859 1091 986 1171 Septima
1005 1113 1068 1152 vero
1090 1112 1202 1172 quaque
1224 1091 1284 1165 ate,

179 1243 241 1301 qaoe
261 1222 390 1282 Sabbata
411 1223 594 1301 appellatum
614 1230 645 1282 ct
660 1221 779 1300 (ibid.):
809 1221 860 1296 Τὴν
882 1224 1000 1294 {obturo
1022 1226 1126 1295 ἡμέραν
1148 1224 1284 1277 αάὸὄατα

179 1354 319 1424 καλεῦμεν,
334 1352 490 1429 Septimum
511 1350 587 1410 diac
600 1351 726 1412 Sabbata
745 1351 933 1429 appellamus.
975 1349 1025 1411 Ita
1039 1370 1157 1429 quoque
1178 1349 1285 1424 Philo,

178 1482 216 1543 de
234 1481 405 1543 confusione
425 1481 615 1562 linguarum:
636 1481 772 1554 ιΕὸδόμην
796 1487 823 1537 ot
851 1481 979 1555 Ἑὸραῑαι
1013 1484 1141 1536 αάόὅατα
1163 1485 1282 1538 καλοῦσι

177 1612 334 1693 Septimum
345 1612 453 1691 (diem)
478 1612 600 1673 Hebraei
612 1611 740 1673 Sabbata
754 1612 929 1691 emollient?
965 1611 1124 1673 Hactenus
1136 1610 1285 1673 laudatus

178 1741 341 1803 Relandus.
363 1741 416 1801 Ex
426 1741 535 1821 quibus
547 1745 746 1819 constat,—a)
755 1741 912 1803 Sabbatum
920 1762 1023 1804 vocem
1034 1740 1207 1803 Semiticam
1219 1743 1284 1803 dici

178 1873 348 1951 deceptiosa
361 1872 410 1932 dic
426 1871 630 1946 hebdomadis,
652 1872 689 1932 de
702 1872 793 1950 fectis,
808 1872 846 1932 de
865 1872 1052 1933 hebdomadis
1071 1881 1101 1933 et
1122 1872 1159 1933 de
1180 1876 1284 1947 acuis,

178 2003 250 2079 -b)
266 2003 297 2063 in
311 2003 350 2063 N.
365 2002 399 2063 Τ.
414 2023 490 2081 saepe
504 2003 589 2063 innui
610 2003 730 2064 nomine
753 2006 900 2059 σαὸὄάτων
925 2014 955 2064 et
978 2007 1030 2073 ὀψὲ
1054 2006 1203 2060 ααὸὅάτων
1219 2025 1284 2066 esse

178 2153 234 2212 pro
256 2136 308 2203 ὀψὲ
330 2132 553 2209 ααόὄάταα,-α)
568 2137 618 2201 μία
640 2136 786 2188 ααὸὅάτων
801 2112 880 2192 idem
895 2153 956 2193 csse
969 2153 1005 2194 ac
1019 2149 1139 2196 Nunti:
1152 2150 1204 2206 uu,
1213 2136 1284 2212 pri-

178 2283 226 2321 ·ma
245 2263 280 2321 iu
299 2260 434 2336 Sabbata,
451 2262 508 2322 hoc
521 2271 574 2336 est,
588 2261 643 2322 tali
665 2262 754 2323 modo
775 2272 978 2324 constructum
994 2263 1162 2341 significare
1175 2263 1283 2326 bebdo-

178 2394 303 2468 madam,
325 2414 360 2454 ac
381 2394 506 2473 proinde
519 2414 580 2455 esse
593 2415 648 2473 pro
661 2399 711 2463 μία
727 2394 958 2472 ruoddrud-d)
974 2398 1101 2451 αάὸὅατα
1116 2416 1134 2456 a
1148 2395 1284 2457 Philone

178 2534 208 2584 et
229 2522 338 2584 Flavio
357 2524 496 2602 usurpari
518 2531 552 2583 ut
565 2544 674 2584 nomen
688 2524 845 2603 duyubarb.

220 2652 394 2714 ill-Idem
409 2652 604 2714 confirmatur
624 2638 809 2714 auctoritate
823 2652 863 2714 D.
885 2652 934 2715 Jo.
956 2652 1080 2734 Georgii
1100 2655 1282 2716 Roscnmiil-

180 2785 243 2846 leri.
286 2783 348 2844 Hic
376 2792 580 2844 commentans
601 2803 674 2844 vers.
700 2783 830 2862 primum
856 2803 920 2863 cap.
942 2784 1050 2845 xxviii.
1073 2783 1194 2857 March„
1216 2785 1283 2845 haec

179 2913 289 2975 habet:
311 2917 328 2944 “
338 2913 404 2982 Ὀψὲ
419 2916 448 2967 δὲ
464 2915 621 2985 σαββάτων,
636 2921 668 2988 τῇ
686 2914 881 2988 ἐπιφωσκαὺσῃ
897 2918 939 2976 εἰς
949 2917 1012 2982 μίαν
1025 2916 1180 2974 σαὸὅάτων.
1203 2913 1284 2974 Ver·

180 3043 270 3104 tenda
284 3052 354 3103 sunt
366 3042 430 3102 hoec
444 3041 536 3104 verba
549 3042 606 3102 sic:
628 3041 696 3102 Post
709 3041 866 3102 Sabbatum
879 3049 983 3116 autem,
997 3043 1171 3104 illucescente
1178 3047 1281 3122 prima

180 3173 365 3235 hebdomadis
379 3172 434 3234 die.
476 3172 596 3234 Scilicet
610 3175 663 3241 ὀψὲ
678 3175 826 3242 σαββάτων
842 3172 1027 3232 reddendum
1042 3181 1103 3232 est:
1125 3171 1194 3232 Post
1206 3172 1283 3233 Sab-

181 3307 288 3379 batam,
310 3304 432 3366 Sabbata
454 3310 606 3377 tramacto,
622 3324 672 3364 seu
692 3306 725 3363 tu
738 3303 803 3383 fiae
822 3303 950 3377 Sabbati,
964 3302 1045 3383 quod
1065 3302 1282 3370 dilucidissime

181 3437 276 3496 Marc.
300 3434 376 3513 (xvi.
400 3433 442 3510 1.)
464 3432 607 3513 exprimit
626 3432 726 3495 verbis
749 3434 947 3508 Διαγεναμέναυ
969 3439 1019 3490 ταῦ
1040 3436 1203 3492 catturae).-
1225 3432 1280 3494 ubi

180 3565 392 3646 intelligendus
405 3573 450 3626 eet
463 3565 525 3625 dies
539 3564 665 3626 sabbati
680 3585 747 3666 cuum
769 3572 855 3625 nocte
875 3565 1017 3644 sequenti.
1058 3562 1108 3624 Sic
1128 3562 1285 3644 Thucydi·

181 3698 232 3758 des
248 3696 313 3775 (lib.
329 3696 368 3758 iv.
384 3716 447 3775 cap.
463 3694 525 3773 93.)
539 3719 545 3755 :
571 3696 625 3769 Τῆς
639 3700 746 3770 ἡμέρας
768 3699 821 3766 ὀψε
839 3695 879 3770 ἦν,
894 3696 970 3755 Fsrat
982 3716 1077 3756 serum
1091 3695 1159 3768 diei,
1173 3696 1207 3755 ia
1216 3696 1285 3772 flue

182 3826 249 3887 dici.
291 3824 453 3886 Plutarch:
486 3825 551 3894 Ὀψὲ
577 3831 630 3880 τῶν
654 3828 795 3895 βασιλέως
813 3827 930 3900 χρὸνων,
944 3823 1013 3884 Post
1039 3831 1167 3902 tempora
1194 3826 1284 3903 aequ.

181 3953 398 4015 Philostratus:
420 3953 485 4024 ’Odi
500 3958 553 4009 τῶν
569 3963 703 4027 coatras,
716 3952 785 4013 Post
798 3952 902 4013 bellum
917 3952 1083 4031 lbojauum.
1123 3952 1196 4014 Vox
1212 3957 1283 4010 ado·
