2932 4860
620 1249 764 1315 CAPUT
792 1249 836 1312 11.

510 1509 946 1572 rrrrronorrrou

698 1686 713 1758 a
729 1650 759 1748 r.

492 1915 686 1960 EXPONITUB
706 1913 964 1960 CONTROVERSIA.

220 2155 387 2236 49.-Quae
400 2158 457 2219 hoc
471 2157 569 2238 capite
582 2166 612 2218 et
625 2158 759 2236 sequenti
770 2157 983 2236 pertractanda
996 2140 1132 2234 veniunt,¹
1143 2157 1281 2222 strictam

178 2288 293 2351 habent
306 2310 374 2350 cum
396 2288 630 2368 praecedentibus
651 2287 875 2363 connexionem,
889 2297 918 2349 et
932 2288 1040 2350 ultimo
1059 2309 1094 2350 eo
1114 2289 1280 2365 deducunt,

179 2427 214 2480 ut
228 2440 267 2480 ex
280 2419 360 2480 facto
373 2418 438 2498 ipso
452 2417 484 2478 in
498 2417 588 2496 plena
600 2427 732 2498 ponatur
745 2417 821 2492 luce,
836 2418 917 2498 quod
930 2418 1067 2479 formulis
1080 2438 1174 2500 supra
1188 2441 1277 2501 expo·

178 2548 243 2610 sitis
256 2548 419 2628 significari
433 2557 581 2609 ostensum
596 2555 658 2608 est:
680 2547 834 2609 Christum
853 2546 994 2610 videlicet
1014 2569 1075 2610 non
1089 2549 1215 2629 integris
1228 2549 1278 2612 tri-

178 2676 234 2739 bus
248 2677 352 2739 diebus
367 2678 508 2739 mansisse
522 2677 554 2738 in
566 2677 711 2757 sepulcro.
740 2677 824 2738 Hinc
837 2680 947 2739 mirum
962 2699 1022 2740 non
1036 2686 1089 2753 est,
1103 2679 1128 2740 si
1139 2679 1193 2742 -hic
1207 2700 1277 2761 quo·

180 2829 237 2889 que
257 2809 401 2872 adversus
421 2808 458 2870 cl.
476 2806 604 2871 Watson
625 2829 723 2889 agam.
764 2807 885 2870 Interea
901 2817 1012 2883 tamen,
1032 2818 1067 2870 ut
1086 2809 1175 2890 plene
1188 2809 1278 2872 simul

179 2947 269 3018 atque
283 2938 363 3000 clare
377 2938 440 3000 haec
453 2938 544 3000 etiam
558 2938 752 3018 pertractatio
767 2959 820 3000 cur
840 2940 884 3000 ita
900 2940 1043 3019 procedat
1056 2940 1215 3015 videatur3
1232 2943 1280 3022 ju-

179 3076 233 3129 vat
246 3067 411 3146 generatim
424 3067 514 3127 finem
529 3087 656 3141 noscere,
672 3087 759 3146 quem
770 3087 809 3129 ex
823 3068 959 3147 opposito
973 3067 1010 3129 cl.
1021 3067 1211 3130 adversarius
1221 3067 1280 3132 sibi

180 3197 347 3276 praestituit,
361 3217 415 3258 nec
429 3217 490 3258 non
504 3196 603 3258 media
617 3196 655 3257 ad
671 3216 738 3256 eum
753 3195 949 3258 obtinendum
967 3195 1112 3258 adhibita.
1154 3197 1198 3258 Et
1211 3198 1282 3259 finis

180 3326 299 3406 quidem
314 3327 351 3387 iis
369 3325 470 3407 prodit
483 3325 592 3399 verbis,
606 3324 715 3402 quibus
735 3345 875 3385 numerus
896 3291 1088 3386 ‹iuodeeimus
1106 3324 1280 3387 clauditur:

180 3444 229 3520 “'It
249 3478 373 3538 appears
386 3458 485 3518 clamat
498 3455 664 3530 ineredt'ble,
673 3455 734 3515 etat
744 3475 801 3535 any
811 3455 930 3516 remitte
940 3476 1010 3516 man
1020 3454 1104 3517 could
1118 3455 1282 3533 balieoefor

179 3612 233 3652 eae
245 3595 368 3650 moenam
387 3587 456 3650 suot
469 3611 488 3649 a
501 3589 619 3649 Roman
638 3586 765 3650 Catholic
777 3586 982 3666 monotroaity,''
997 3586 1110 3647 scilicet
1124 3585 1296 3680 Christum!

179 3721 329 3801 sepultum
344 3720 434 3781 fuisse
447 3719 496 3780 die
509 3716 647 3792 Veneria,
661 3726 691 3779 et
712 3717 906 3778 resurrexisse
929 3716 978 3777 die
999 3715 1170 3790 Dominica‚
1184 3736 1280 3795 quum

179 3850 277 3931 ipsum
291 3858 408 3928 tempus
429 3847 590 3927 sepulturae
610 3845 824 3908 determinetur
844 3843 999 3907 formulis:
1026 3843 1280 3906 mundabunt

179 3981 271 4041 trabea
299 3979 550 4040 nanturra-tertio
577 3977 726 4056 die-poet
745 3983 801 4037 tres
828 3976 897 4038 dieo.
939 3975 1043 4037 Media
1070 3985 1171 4036 autem
1198 3974 1279 4054 quod

180 4119 302 4193 spectet,
313 4130 349 4171 eo
359 4109 478 4188 proprie
488 4108 637 4188 loquendo
648 4106 819 4168 testimonia
832 4114 911 4179 sunt,
922 4126 988 4185 quaa
998 4105 1030 4164 in
1040 4102 1220 4184 praecedenti
1234 4123 1281 4164 ea·

1144 4234 1182 4295 91
