2932 4860
309 739 466 802 VERSIO
486 740 696 802 LUOUBRA
704 741 854 803 TIONIS
872 742 912 803 D.
942 743 1005 806 WA
1013 743 1168 805 TSONII

681 986 791 1028 numm

474 1079 500 1138 Ιη
528 1080 669 1140 Praecone
693 1081 783 1141 Sacro
808 1080 1001 1150 Richmondii,

578 1194 617 1254 20
644 1193 781 1273 depasti,
802 1195 889 1256 1874.

208 1417 373 1492 cussus
387 1418 502 1492 metm
520 1418 548 1492 ΙΝ
565 1419 732 1494 scrutum
755 1419 1131 1494 scammum-omme
1155 1420 1260 1496 toas

221 1871 267 1932 Ut
288 1873 480 1932 assertionem
502 1873 581 1932 hanc
595 1872 728 1951 probem,
740 1883 895 1951 sequentes
917 1873 1181 1935 adnotatiunculas
1195 1875 1286 1954 subji-

180 1985 236 2044 cio.
279 1985 355 2044 Rem
370 1995 465 2046 totam
480 1986 545 2045 fuse
559 1986 689 2064 expendi
702 1986 733 2044 in
749 2007 815 2046 meo
835 1985 914 2046 libro
929 1987 1285 2066 manuscripto—Watsc·

181 2101 228 2158 aa
241 2099 418 2178 Propheticoe
433 2100 697 2178 Interpretctioaea.

221 2212 563 2290 PRIMA.—Propketicoe
577 2212 784 2272 declarationes
797 2213 891 2291 ipsius
910 2213 1094 2275 Clemat—l.
1120 2214 1212 2290 Quod
1223 2215 1286 2293 ipse

178 2328 300 2385 futurus
324 2326 428 2386 fuisset
450 2326 481 2384 in
496 2327 585 2386 eorde
607 2335 694 2386 terrae
712 2326 938 2387 tribus-diebus
962 2336 992 2386 et
1017 2326 1114 2387 tribus
1136 2327 1283 2388 noctibus.

180 2438 270 2499 Matt.
285 2439 338 2498 xii.
354 2440 402 2499 40.
446 2439 514 2517 Ipse
529 2440 680 2499 dimensus
695 2449 739 2499 est
756 2440 810 2499 hos
825 2440 887 2500 dies
904 2440 1093 2519 propheticos
1103 2442 1195 2519 juxta
1219 2440 1283 2500 dies

179 2551 325 2611 historicos
345 2552 426 2629 apud
441 2550 551 2612 Jonam
567 2553 586 2611 i.
603 2553 650 2612 17.
694 2552 780 2631 (Vlg.
795 2553 825 2611 ii.
842 2552 884 2623 1.)
927 2552 1000 2612 Dies
1014 2573 1076 2612 una
1090 2562 1119 2613 et
1133 2573 1194 2612 nox
1208 2554 1282 2614 item

180 2685 241 2725 rma
262 2665 395 2724 conflant
416 2666 668 2743 viginti-quatuor
689 2666 797 2738 horas;
819 2666 881 2725 dies
903 2667 1029 2744 proinde
1049 2675 1109 2726 tres
1131 2676 1161 2727 et
1181 2676 1282 2727 noctes

179 2787 239 2837 tres
260 2778 539 2856 septuaginta-duas
553 2778 643 2837 horas
665 2778 794 2838 conflent
808 2799 882 2856 opus
904 2779 1045 2838 est—nisi
1066 2779 1143 2839 forte
1165 2789 1281 2840 eontra-

179 2890 260 2948 rium
271 2890 394 2968 prcbcm'
405 2891 564 2968 queat—2.
580 2890 717 2951 Christus
727 2891 894 2952 declaravit
904 2912 934 2951 se
943 2900 1179 2951 resurrecturum
1193 2893 1283 2952 tertia

179 3003 237 3062 (lie.
253 3003 364 3063 Matth.
379 3004 442 3064 xvi.
466 3005 512 3063 21.
528 3014 582 3063 etc.
617 3003 692 3063 Haec
707 3003 843 3082 loquutio
855 3025 893 3063 ex
914 3026 944 3064 se
960 3013 1056 3083 potest
1069 3005 1217 3065 includere
1233 3006 1281 3066 vel

180 3115 328 3175 occludere
342 3116 420 3176 diem
436 3116 604 3194 sepulturae.
647 3116 763 3177 Verum
780 3116 868 3177 debet
886 3118 1077 3196 interpretari
1099 3118 1150 3191 ita,
1166 3127 1201 3177 ut
1215 3139 1282 3177 con·

180 3238 271 3306 gruat
292 3228 359 3288 aliis
379 3229 551 3307 Scripturis.
594 3230 701 3290 Petrus
723 3240 752 3290 et
768 3230 883 3291 Paulus
898 3232 1003 3291 dicunt
1017 3230 1171 3291 Christum
1186 3252 1282 3291 resur-

178 3344 290 3404 rexisse
315 3344 407 3403 tertia
431 3345 487 3403 die.
532 3344 600 3404 Aet.
624 3367 653 3404 x.
672 3346 719 3404 40.
743 3355 772 3405 et
795 3347 821 3404 1.
845 3346 913 3405 Cor.
937 3367 987 3406 xv.
1014 3347 1110 3406 4.-3.
1144 3345 1282 3406 Christus

180 3457 348 3517 declaravit
377 3478 408 3517 se
431 3468 667 3517 resurrecturum
684 3463 768 3536 “post
795 3467 855 3518 tres
883 3459 974 3518 dies.''
1016 3458 1112 3518 Marc.
1141 3459 1204 3519 viii.
1234 3459 1281 3519 31.

180 3568 250 3629 Hoc
264 3579 308 3629 est
325 3571 417 3648 juxta
438 3591 624 3629 communem
648 3572 832 3644 versionem;
855 3572 905 3630 sed
926 3572 1005 3630 enim
1020 3571 1117 3632 versio
1132 3581 1175 3632 est
1190 3571 1280 3632 valde

180 3682 363 3760 imperfecta.
407 3682 484 3758 Quae
507 3703 567 3742 vox
589 3683 656 3742 heic
675 3677 814 3743 redditur
837 3684 949 3762 “post''
976 3693 1019 3743 est
1040 3681 1146 3743 Graeca
1170 3705 1282 3762 praepo-

178 3795 246 3854 sitio
272 3799 359 3862 μετὰε
381 3815 446 3854 eam
479 3816 567 3873 porro
592 3789 751 3856 accusandi
773 3818 857 3857 casus
880 3797 1022 3874 sequitur.
1065 3796 1101 3854 In
1117 3799 1199 3856 omni
1232 3819 1282 3856 ex-

178 3907 277 3986 emplo
299 3909 470 3986 hujusmodi
492 3910 728 3982 constructionis
743 3911 817 3988 fiais
831 3911 879 3971 vel
895 3911 1125 3986 complementum
1140 3911 1182 3969 rei
1205 3912 1281 3970 indi-

178 4032 272 4082 catur.
315 4022 425 4082 Totum
453 4044 514 4082 esso
544 4032 657 4101 potest3
672 4025 764 4102 finem
785 4034 902 4102 oportet
929 4045 998 4083 esse.
1035 4023 1130 4083 Marc.
1146 4025 1209 4085 viii.
1232 4025 1279 4084 31.

178 4146 301 4213 possunt
322 4157 383 4195 esse
400 4138 477 4215 fiaes
505 4138 597 4196 trium
627 4138 761 4196 dierum:
797 4138 860 4197 dies
888 4148 987 4198 autem
1019 4146 1136 4197 tantum
1169 4139 1280 4217 integri

179 4247 251 4307 bini.
294 4249 444 4309 Ponamus
460 4249 779 4328 Christumsepultum
802 4251 945 4311 fuissem]
967 4251 1109 4310 amussim
1127 4252 1280 4311 occidente

1059 4384 1116 4422 xm
