2932 4860
393 656 396 661 ,
480 600 983 655 nlaQUISITIOGRmco·BIBL10A.

177 1112 247 1164 ruut
260 1111 474 1165 monumentum
490 1113 516 1166 et
529 1106 770 1186 quemadmodum
785 1109 913 1186 poao'tum
934 1115 996 1169 erut
1009 1129 1111 1186 corpur
1132 1109 1201 1186 ojuo.
1246 1109 1288 1168 Et

179 1240 346 1295 reuertentes
364 1244 547 1314 parauerunt
570 1244 709 1310 oromate,
732 1245 758 1298 et
779 1244 947 1315 uuyueuto:
969 1244 995 1297 et
1017 1237 1141 1298 Sobboto
1167 1238 1288 1316 quidem

178 1365 321 1425 ailuoruut
344 1365 501 1426 aeouudum
523 1368 703 1429 mundatum.
746 1368 837 1446 Quod
862 1378 921 1429 aot:
943 1367 1110 1428 Sabbatum
1135 1367 1288 1429 Paschale

178 1494 356 1568 transierat3
378 1504 515 1556 aromata
540 1506 641 1577 empta
663 1497 746 1558 fuere
768 1496 817 1558 die
838 1495 966 1560 Veneris
980 1506 1010 1557 et
1031 1499 1213 1577 composita3
1236 1498 1289 1558 die

179 1623 307 1700 septima
325 1622 521 1685 hebdomadae
546 1625 686 1719 mulieres
707 1626 751 1686 nil
774 1626 916 1688 fecerunt.
958 1626 990 1688 Si
1004 1627 1048 1687 ito
1061 1636 1122 1697 est;
1143 1626 1288 1688 Christus

180 1754 261 1816 cruci
281 1753 361 1814 fixus
382 1753 442 1814 fuit
464 1754 496 1813 iu
519 1775 680 1832 parasceve
701 1754 827 1816 Sabbati
842 1754 1013 1816 Paschalis:
1036 1755 1084 1818 Jo.
1104 1756 1182 1833 (xix.
1200 1755 1288 1832 14.):

180 1885 255 1945 Erat
276 1890 371 1945 cutem
386 1904 542 1963 poroaoeoe
563 1883 690 1944 Poochoe.
733 1884 806 1944 Dies
828 1885 906 1945 enim
929 1905 1053 1964 sequena
1072 1893 1137 1945 erat
1156 1905 1290 1964 magnus

181 2015 267 2093 (ibid.
283 2015 345 2092 31.)
357 2037 363 2075 :
385 2015 488 2076 Judoeo'
502 2036 570 2093 erqo
584 2017 722 2095 quautam
729 2037 885 2095 puroaoeoe
898 2028 969 2090 erat,
983 2023 1016 2076 ut
1029 2037 1088 2076 nou
1101 2024 1291 2077 rmmuereut

178 2148 213 2207 o‘u
226 2167 307 2207 muco
321 2167 440 2225 corporo
454 2146 587 2221 Sobbutm
601 2153 663 2207 erut
677 2148 753 2206 em’m
767 2168 890 2225 moymoa
903 2146 965 2208 dieo
977 2148 1026 2208 uo
1036 2147 1164 2208 scotori.
1187 2149 1289 2224 Quin,

143 2316 146 2322 ,
179 2278 343 2338 necessario
358 2276 495 2338 Christus
509 2277 591 2337 cruci
607 2276 688 2338 fixus
700 2276 759 2337 fuit
773 2277 806 2337 in
826 2277 874 2338 die
889 2279 1118 2356 propurottouia
1131 2277 1290 2338 Poeobcto‘c

179 2417 282 2468 etnon
296 2407 328 2467 in
342 2407 390 2467 oo
411 2407 549 2478 Vmerto;
569 2427 652 2468 aecus
673 2407 752 2467 enim
775 2407 919 2468 amisisset
939 2406 1063 2467 titulum
1079 2406 1119 2466 ad
1140 2406 1289 2468 divinita·

179 2547 248 2598 tem.
280 2536 403 2597 Etenim
418 2536 669 2616 prophetaverat:
690 2536 772 2597 Siout
785 2536 848 2616 fuit
860 2535 955 2597 Jouoa
967 2537 1001 2596 iu
1014 2543 1110 2597 uentre
1123 2537 1176 2595 oeto’
1189 2536 1290 2597 tm’bua

180 2665 280 2727 otetur
294 2673 320 2726 et
333 2666 427 2726 tribue
440 2666 576 2740 uocto’bua,
591 2666 634 2726 ito
648 2669 703 2726 em't
723 2667 821 2727 Filiua
841 2666 965 2727 bomiuio
977 2667 1011 2726 iu
1032 2665 1115 2726 corde
1128 2672 1213 2726 terroe
1235 2667 1289 2726 tm'·

180 2797 232 2857 buc
255 2795 356 2861 diobua
377 2803 403 2856 et
423 2795 514 2856 mou
535 2795 664 2856 aeditua
684 2794 796 2856 Matth.
817 2795 884 2874 (xii.
906 2795 979 2874 40.).
1020 2794 1099 2856 Ibid.
1116 2795 1228 2872 (xxvii.
1246 2797 1288 2857 62

179 2925 302 3003 —66.):
323 2925 428 2987 Altero
450 2933 545 2986 cutem
564 2925 621 2999 die,
643 2947 706 3006 quoe
728 2932 768 2986 oct
786 2933 852 3005 post
871 2945 1044 3005 porcaoeoeu
1058 2972 1065 2986 .
1081 2971 1088 2985 .
1103 2972 1110 2986 .
1126 2971 1132 2985 .
1148 2925 1288 2987 obeuuteo

180 3057 349 3115 mum’eruut
362 3055 552 3134 sepulerum?
595 3053 689 3134 Ergo,
704 3054 856 3115 concludit
869 3054 940 3133 ipsc,
952 3053 1089 3115 Christus
1102 3053 1151 3115 die
1164 3054 1289 3117 Mercu·

180 3185 218 3245 'rii
232 3195 367 3247 mortuus
381 3194 433 3259 eat,
448 3193 478 3245 et
491 3185 531 3245 ad
546 3185 615 3246 solis
630 3205 767 3246 occasum
783 3184 915 3265 ejusdem
929 3185 1069 3264 sepultus.

221 3316 576 3393 tit-Quemadmodum
589 3316 679 3377 facile
700 3316 859 3378 observare
872 3316 941 3389 fuit,
955 3324 1020 3377 tota
1040 3316 1230 3378 ratiocinatio
1247 3318 1286 3379 cl.

180 3447 309 3512 Wataon
323 3447 433 3527 pendet
453 3446 493 3509 ab
507 3467 552 3521 eo,
566 3447 647 3526 quod
668 3467 687 3507 a
706 3446 853 3526 principio
874 3445 1010 3506 dixerat:
1038 3445 1173 3508 Obmotua
1185 3447 1288 3524 jacuit

181 3581 214 3639 iu
228 3578 356 3658 copulem
376 3576 487 3638 duoboa
507 3575 647 3638 autom
690 3574 849 3652 Quomodo
869 3575 927 3636 hoo
948 3574 1062 3654 probet,
1077 3574 1169 3653 ipsius
1183 3575 1288 3637 verbis

180 3710 279 3772 dicam
293 3710 335 3788 (n.
351 3710 398 3770 10.
413 3706 484 3784 art.)
496 3704 656 3783 :-“Quod
672 3704 809 3766 Christus
826 3705 956 3785 jacuerit
970 3705 1002 3764 in
1016 3704 1152 3784 sepulcro
1166 3703 1289 3766 duobus

180 3838 329 3912 sabbatio,
344 3838 375 3897 in
391 3835 476 3897 nulla
490 3835 611 3916 anglica
625 3836 762 3897 versione
775 3845 918 3915 apparet;
940 3836 1126 3896 traductores
1139 3836 1219 3895 enim
1237 3836 1289 3899 dc·

181 3973 290 4033 derunt
308 3970 445 4048 propmoo
468 3969 716 4046 interpretationes
736 3965 801 4027 loco
815 3965 975 4028 versionis!
1018 3965 1154 4026 Verbum
1176 3965 1291 4028 Sabbu-
