2932 4860
484 574 680 628 DISQUISITIO
700 573 985 619 mco-nmmum

180 1074 272 1136 datur
295 1075 352 1136 nisi
375 1096 441 1153 quae
461 1076 494 1135 in
516 1096 646 1137 mensem
669 1075 748 1137 Tiari
775 1076 922 1151 incidunt,
943 1077 995 1157 qui
1018 1079 1126 1140 mensis
1147 1079 1181 1139 in
1202 1100 1286 1141 anno

179 1225 264 1265 sacro
283 1206 418 1282 neptimaa
438 1225 474 1266 ae
494 1205 580 1284 quasi
599 1204 768 1266 Sabbaticua
787 1216 862 1280 erat,
880 1216 910 1268 et
930 1207 1023 1286 quieti
1044 1208 1220 1282 destinatus,
1235 1231 1287 1290 pe·

130 1415 132 1418 ι
180 1345 264 1398 racta
278 1357 370 1398 messe
383 1346 414 1398 et
427 1337 601 1398 collectione
620 1336 775 1399 fructuum
796 1337 881 1400 iatius
896 1339 977 1401 anni.
1021 1339 1125 1416 Quare
1139 1348 1169 1406 et
1190 1339 1285 1401 Philo

180 1464 247 1544 (lib.
262 1465 300 1526 de
314 1465 419 1539 Fectio,
434 1486 462 1544 p.
478 1466 581 1543 1183.)
597 1464 668 1527 huic
682 1467 775 1527 mensi
790 1466 938 1528 tributum
954 1467 1098 1528 festorum
1112 1470 1285 1529 maximum

180 1595 295 1656 tribuit
337 1595 403 1656 Neo
416 1594 497 1657 ullus
510 1604 575 1657 erat
589 1597 697 1657 mensis
711 1596 784 1657 anni
797 1596 829 1656 in
843 1617 903 1676 quo
922 1606 969 1658 tot
982 1598 1045 1660 dies
1065 1598 1133 1659 festi
1153 1600 1288 1678 ageban-

180 1737 239 1799 tur,
264 1746 337 1805 quos
362 1725 532 1800 chronicon,
554 1724 646 1806 vulgo
670 1725 917 1786 Alexandrinum
943 1726 1068 1801 dietum,
1089 1738 1224 1789 recenset
1240 1728 1285 1807 (p.

181 1859 273 1936 196.).
315 1857 353 1918 In
376 1857 416 1920 N.
441 1856 475 1918 Τ.
499 1857 550 1917 hic
572 1857 634 1917 dies
657 1857 779 1917 nomine
793 1860 952 1928 ,σαββάτων
975 1877 1052 1936 saepe
1073 1857 1222 1931 innuitur,
1237 1858 1286 1919 uti

181 1987 293 2063 Matth.
309 1987 376 2065 (xii.
393 1987 444 2064 1.),
459 1986 555 2048 Marc.
572 1987 604 2066 (i.
621 1987 693 2065 21.)
738 1989 803 2052 Τοῖς
818 1991 966 2062 σάββασιν,
980 1997 1071 2068 atque
1087 1990 1131 2051 ita
1147 1993 1199 2063 ὀφὲ
1216 1994 1285 2047 aad·

182 2121 282 2190 ὅάτων,
297 2118 376 2178 idem
391 2117 529 2196 estquod
544 2121 596 2192 ὀφέ
612 2121 766 2179 caeterea.
794 2117 940 2180 Similiter
953 2119 1025 2199 quia
1038 2134 1102 2181 mu
1116 2119 1286 2199 aliquando

180 2257 276 2308 totam
298 2247 519 2308 hebdomadam
538 2255 633 2321 notat,
646 2246 717 2309 inde
737 2248 769 2326 in
790 2247 830 2309 N.
851 2247 885 2310 T.
899 2253 951 2318 μία
968 2252 1115 2306 enodatum
1136 2248 1217 2310 idem
1240 2260 1288 2312 eat

180 2361 262 2458 qdod
275 2383 325 2448 μία
340 2382 494 2453 σαὸὅάτου,
511 2393 632 2440 val
645 2394 697 2452 ἹΠ,
711 2377 831 2439 R‘t'mm
851 2377 913 2439 dieu
933 2377 1127 2453 hebdomadis,
1141 2379 1174 2438 in
1195 2377 1287 2442 Gem.

179 2509 364 2572 Schabbath.
381 2510 462 2588 (156.
485 2508 527 2586 1.)
542 2518 572 2571 et
592 2525 690 2571 Nm
704 2524 755 2581 nn,
770 2507 856 2570 Gom.
879 2509 1030 2570 Maeeoth.
1054 2509 1096 2587 (5.
1120 2509 1172 2588 1.),
1194 2508 1284 2580 Gem.

179 2639 335 2700 Nedarim.
352 2640 412 2717 (12.
436 2639 489 2717 1.),
503 2647 533 2699 et
546 2647 616 2699 sunt
637 2638 689 2715 qui
710 2647 817 2715 putent
830 2642 880 2708 μία
902 2641 1050 2695 caedmon
1071 2637 1142 2699 clim
1165 2639 1284 2700 dictum

179 2767 270 2828 fuisse
283 2788 322 2828 ex
343 2766 473 2828 Hebraeo
489 2785 582 2856 unum,
596 2767 677 2846 quod
698 2766 808 2828 deinde
828 2767 860 2827 in
881 2767 1122 2828 terminationem
1144 2766 1284 2831 Graecam

179 2896 328 2976 pluralem
350 2896 435 2970 abiit,
449 2902 606 2973 σαὸὅάτων,
621 2899 666 2960 uti
683 2903 837 2975 χείμαῤῥυν
858 2905 912 2955 τῶν
933 2903 1036 2974 redacta
1052 2900 1224 2962 formarunt
1244 2923 1283 2964 ex

181 3049 257 3128 emp
272 3025 337 3102 bur,
350 3028 375 3089 1.
391 3028 466 3108 Reg.
480 3028 575 3109 Vulg.
590 3029 651 3090 III.
669 3029 734 3110 (xv.
757 3029 831 3106 13.),
846 3029 895 3092 Jo.
911 3031 1011 3108 (xviii.
1033 3031 1085 3108 1.).
1121 3031 1189 3092 Alii
1210 3055 1284 3096 vero

179 3163 370 3241 suspicantur
388 3159 506 3240 plurale
528 3163 657 3217 ed66ara
671 3160 833 3223 formatum
847 3166 908 3223 esee
922 3181 960 3221 ex
974 3181 1018 3235 eo,
1032 3161 1112 3240 quod
1128 3183 1201 3224 sono
1216 3183 1285 3225 con-

182 3292 296 3353 veniret
321 3312 388 3352 oum
410 3307 524 3363 Nutu,
539 3289 587 3353 vel
602 3290 668 3369 Syr.
691 3307 862 3353 suflnnnon
876 3290 963 3369 (26),
977 3292 1231 3370 quemadmodum
1255 3303 1286 3354 et

180 3381 320 3495 Horatio,
337 3420 403 3499 (lib.
418 3421 459 3482 xi.
474 3421 536 3482 sat.
552 3420 595 3499 9.)
615 3421 720 3482 unicus
734 3420 796 3481 dies
809 3421 952 3482 tricesimo
961 3420 1088 3482 Sabbata
1102 3422 1223 3497 dicitur,
1239 3425 1285 3486 uti

181 3562 210 3613 et
238 3551 386 3631 Josephus
406 3550 537 3613 scribens
557 3553 595 3612 de
622 3550 783 3612 Ptolemaeo
812 3551 891 3628 Lagi
911 3549 1132 3630 derosolymam
1150 3552 1286 3633 ingresso

182 3683 302 3762 (Antiq.
322 3682 374 3744 lib.
390 3682 443 3743 xii.
467 3683 493 3743 l.
516 3682 558 3761 l.)
583 3683 643 3744 ait:
664 3633 811 3739 'Eiectum
832 3686 886 3757 γὰρ
902 3686 1056 3747 σαὸὄάτοις
1070 3689 1111 3748 εἰς
1126 3691 1174 3759 τὴν
1196 3660 1288 3760 uoltu,

180 3813 333 3892 Iayreoeue
346 3813 423 3873 euim
436 3812 560 3874 dabbato
574 3815 608 3874 ln
621 3812 741 3883 urbem
768 3811 848 3891 quod
868 3811 931 3891 ipse
949 3812 1036 3873 docet
1051 3813 1138 3890 (ibid.
1159 3814 1202 3876 iii.
1219 3816 1285 3894 10.)
