2932 4860
541 588 733 641 Dlsat'lsrrlo
754 587 1047 630 catrlcmmnmcss

161 966 164 971 ’
236 971 453 1040 -postquamz
483 961 563 1023 Urias
583 962 706 1021 miiitum
727 961 828 1021 tormen
845 962 919 1020 latiis
939 961 1000 1039 ejus
1020 963 1136 1039 operuit
1157 959 1211 1038 (ib.
1234 960 1332 1038 34.)-
1358 984 1361 989 ’

237 1100 393 1170 postquam
419 1091 561 1169 ncepta
582 1091 618 1150 a
636 1051 832 1160 'anaema
855 1091 960 1151 noina
981 1091 1097 1151 siaa
1113 1137 1119 1151 .
1136 1138 1161 1152 ..
1178 1138 1184 1151 .
1199 1091 1334 1150 amaa

237 1221 365 1282 introivit
379 1222 420 1281 od
433 1222 571 1294 Pilatum,
587 1229 613 1282 ct
629 1223 714 1300 petiit
728 1243 829 1300 corpus
843 1223 915 1282 Jean
937 1220 1047 1299 (Marc.
1069 1244 1120 1284 xv.
1136 1222 1209 1299 43.).
1252 1221 1333 1300 Ergo

236 1351 352 1411 etiamsi
375 1371 477 1410 verum
500 1362 581 1425 esset,
596 1353 744 1412 numerali
765 1353 850 1412 tertio
871 1352 927 1425 dic,
947 1353 1225 1432 septuagintaduas
1245 1353 1333 1413 horas

236 1480 355 1553 venire;
377 1502 470 1560 quum
485 1483 531 1542 hae
545 1482 625 1543 horte
645 1484 704 1543 sint
721 1483 871 1561 integrum
885 1483 1014 1562 spatium
1030 1503 1050 1543 a
1071 1492 1165 1544 morte
1179 1484 1219 1545 ad
1239 1505 1334 1545 resur·

236 1611 396 1673 rectionem
411 1612 514 1688 fluens,
529 1613 657 1673 exclusis
671 1613 710 1673 ad
727 1613 884 1675 minimum
906 1622 1036 1692 quatuor
1049 1612 1138 1687 horis,
1153 1634 1219 1693 quae
1239 1613 1334 1694 sepul-

236 1751 334 1802 turam
350 1751 569 1820 praecesserunt,
584 1762 638 1821 pro
653 1741 710 1801 hac
732 1750 851 1802 tantum
873 1742 1031 1820 sexaginta
1052 1751 1118 1803 octo
1140 1751 1333 1821 superessent.

237 1870 329 1950 Ergo,
344 1872 481 1950 quamvis
495 1872 620 1931 daretur
634 1871 814 1945 adversario,
830 1871 929 1950 phrasi
952 1873 1036 1931 tertio
1057 1872 1105 1932 die
1121 1871 1249 1932 indicari
1270 1893 1333 1951 spa-

236 2002 312 2063 tium
327 2001 656 2080 septuaginta-duarum
680 2001 831 2072 horarum,
846 2009 945 2060 tamen
967 2001 1033 2060 loca
1055 2000 1095 2060 ab
1117 2000 1181 2078 ipso
1203 2000 1333 2061 adducta

141 2113 142 2118 ἵ
235 2151 296 2191 non
310 2131 440 2210 probant
454 2130 607 2191 Christum
622 2129 940 2208 septuaginta-duabus
954 2131 1035 2191 horis
1048 2131 1080 2189 in
1101 2130 1237 2210 sepulcro
1252 2151 1334 2192 man·

234 2260 311 2321 sisse.

276 2390 481 2451 38.-Verum
496 2412 550 2450 nec
564 2391 590 2451 ei
605 2400 649 2452 est
663 2391 726 2451 ullo
741 2392 830 2451 modo
845 2391 1075 2466 concedendum,
1091 2392 1241 2452 numerali
1255 2391 1333 2453 ordi-

235 2520 298 2580 nali
313 2522 396 2578 tortio
411 2519 459 2579 dic
472 2520 575 2581 venire
588 2528 647 2580 tres
661 2521 791 2599 integros
806 2521 876 2585 dies.
912 2521 958 2580 Re
972 2541 1052 2593 vera,
1066 2541 1104 2581 ex
1120 2521 1333 2582 consuetudine

234 2650 385 2727 loquendi,
399 2650 549 2723 saeculum,
564 2671 668 2724 annus,
683 2652 800 2725 mensis,
815 2652 878 2711 dies
897 2651 1001 2712 labens
1021 2672 1075 2731 pro
1096 2653 1194 2731 primo
1215 2605 1332 2726 seculo,

235 2801 323 2855 anne,
338 2801 445 2854 mense,
459 2781 508 2841 die
526 2781 642 2859 integro
663 2781 826 2859 accipitur:
847 2781 889 2841 sic
910 2781 1036 2841 dicimus
1054 2781 1205 2854 saeculum,
1220 2782 1251 2841 in
1273 2801 1332 2860 quo

234 2911 365 2973 vivimus
385 2931 446 2971 esse
467 2910 618 2971 decimum
639 2931 761 2983 nonum,
777 2911 914 2986 quamvis
935 2920 1054 2971 tantum
1077 2911 1163 2972 1874.
1178 2911 1250 2971 anni
1271 2912 1332 2972 sint

234 3040 334 3118 elapsi.
376 3039 426 3099 Ita
440 3048 470 3099 et
484 3038 629 3099 Lustrum
644 3049 673 3099 et
687 3039 854 3117 Olympias,
868 3040 938 3100 licet
952 3049 1082 3119 quatuor
1095 3048 1215 3101 tantum
1236 3061 1330 3103 annos

233 3167 363 3245 integros
383 3167 628 3246 complectantur,
645 3189 700 3247 pro
721 3169 852 3248 quinque
873 3171 959 3230 annis
979 3181 1147 3243 sumuntur,
1162 3172 1207 3233 uti
1228 3172 1331 3233 videre

232 3299 302 3359 licet
316 3299 396 3378 apud
412 3299 591 3370 Lucianum,
606 3294 752 3360 'Ovidium
772 3311 802 3360 et
816 3299 994 3361 Varronem.
1037 3299 1087 3361 Ita
1105 3321 1247 3362 vocamus
1261 3300 1331 3362 Ter·

233 3430 345 3489 tianam
361 3437 391 3489 et
406 3428 596 3506 Quartanam
611 3429 729 3503 febrim,
744 3450 809 3508 quae
828 3430 957 3490 secundo
979 3430 1027 3491 vel
1041 3431 1129 3491 tertio
1150 3451 1268 3510 quoque
1282 3430 1330 3491 die

232 3557 317 3619 redit.

273 3687 424 3750 39.—Hio
437 3709 517 3761 usus,
531 3688 583 3768 qui
597 3690 628 3748 in
643 3689 707 3768 ipsc
721 3709 854 3749 sermone
868 3689 1000 3749 humano
1018 3689 1148 3750 radicem
1169 3689 1265 3750 veluti
1278 3689 1330 3750 ha·

232 3819 291 3893 bet,
316 3820 359 3880 ita
381 3827 415 3880 ut
436 3819 518 3879 haud
541 3818 630 3880 facile
652 3818 727 3879 mihi
751 3819 956 3897 persuadeam,
971 3819 1119 3898 quomodo
1142 3818 1173 3878 id
1198 3818 1330 3898 potuerit

232 3950 335 4027 fugere
349 3948 384 4009 cl.
400 3949 615 4021 adversarium,
630 3948 770 4027 exempla
794 3949 825 4007 in
848 3948 990 4010 omnibus,
1006 3948 1118 4028 linguis
1132 3949 1252 4026 reperit,
1268 3969 1328 4010 non

232 4076 353 4139 exclusa
366 4077 483 4137 familia
496 4077 637 4137 semitica.
660 4077 708 4136 En
724 4098 790 4156 quae
808 4076 901 4137 Sacra
919 4069 1074 4155 Scriptura
1093 4076 1151 4136 hac
1170 4077 1207 4136 de
1228 4097 1260 4137 re
1280 4098 1330 4138 cx·
1357 4159 1359 4163 ἲ
