2932 4860
488 619 682 674 msculsmo
702 620 988 664 emmo-mannen.

184 1000 218 1051 ut
232 992 443 1054 constituentes
458 992 535 1053 diem
552 991 629 1054 XII.
645 993 798 1066 horarum,
811 993 843 1052 in
857 1012 943 1053 sensu
963 991 999 1053 ci.
1015 991 1190 1066 adversarii,
1206 991 1287 1071 quod

184 1119 322 1183 Christus
341 1123 496 1183 evidenter
518 1123 599 1183 haud
623 1123 702 1183 fecit.
724 1122 795 1183 Sine
811 1123 881 1202 jure
894 1122 987 1202 igitur
1002 1119 1041 1182 D.
1057 1121 1187 1182 Wataon
1202 1120 1290 1182 adhi-

184 1248 251 1311 buit
264 1249 389 1311 laudata
405 1251 497 1312 verba
510 1251 623 1312 Christi
637 1252 677 1311 ad
690 1271 777 1312 suum
792 1251 989 1312 evincendum
1010 1251 1088 1311 diem
1104 1249 1184 1310 XII.
1200 1250 1288 1310 hora·

183 1399 260 1440 rum.
290 1380 376 1440 Idem
390 1390 434 1441 eat
452 1401 570 1460 prorsus
590 1380 750 1450 dicendum
766 1382 803 1441 de
823 1381 884 1442 illia
905 1380 1005 1443 verbis
1026 1381 1096 1441 Act.
1113 1380 1184 1458 (loc.
1200 1379 1287 1456 cit.):

183 1507 212 1567 A
234 1510 319 1568 teatio
331 1508 403 1569 bora
423 1511 520 1584 coctio,
535 1509 679 1570 adhibitis
700 1509 739 1570 ad
755 1509 953 1589 probandum,
970 1519 1087 1570 noctem
1108 1507 1184 1569 XII.
1200 1509 1289 1570 hora·

183 1657 250 1698 rum
272 1638 402 1718 incipere
426 1639 465 1698 ab
487 1659 592 1700 occasu
613 1638 692 1700 solis.
734 1638 778 1699 Et
799 1639 862 1698 haec
883 1638 1034 1699 sufficiant
1054 1639 1091 1698 de
1110 1638 1289 1711 comiatum,

182 1767 220 1828 de
233 1789 266 1828 rc
283 1769 362 1828 enim
377 1769 414 1830 iia
426 1768 598 1830 nominibus
612 1769 755 1848 subjecta,
770 1778 871 1829 actum
885 1769 945 1828 fuit
959 1773 1024 1844 (nn.
1041 1768 1195 1846 19—32.).

223 1898 453 1992 tiz-Sequitur
472 1920 554 1961 nuno
574 1900 765 1979 principium,
790 1899 870 1978 quod
891 1899 1046 1978 quaeritur,
1070 1898 1211 1978 quodque
1238 1898 1290 1960 hia

152 2100 153 2103 Ἴ
182 2029 325 2108 exprimit
338 2029 438 2091 verbia
452 2029 601 2091 Dominus
615 2030 762 2091 Watson:
783 2030 897 2110 “Apud
918 2031 1064 2092 Hebraeos
1082 2043 1202 2110 tempus
1216 2051 1285 2091 noc·

181 2167 306 2219 turnum
317 2159 376 2219 diei
390 2157 515 2220 XXIV.
529 2159 671 2221 horarum
694 2161 835 2239 praecedit
851 2169 968 2240 tempus
982 2160 1153 2221 diurnum.”
1198 2161 1284 2238 Quid

182 2289 220 2350 de
232 2288 290 2350 boc
303 2299 348 2351 eat
360 2289 569 2350 sentiendum?
610 2290 719 2351 Paucis
733 2291 819 2352 dico:
844 2292 901 2352 hoc
915 2292 1096 2371 principium
1111 2292 1201 2370 topice
1221 2292 1287 2370 qui·

182 2419 249 2479 dem
272 2419 324 2479 aed
336 2418 415 2496 falco
436 2418 495 2480 fuit
518 2418 700 2494 adhibitum,
714 2439 785 2498 crgo
800 2420 844 2480 nil
867 2420 976 2499 probat
998 2441 1052 2500 pro
1075 2421 1224 2482 sententia
1248 2420 1286 2481 cI.

182 2549 355 2611 adversarii.
398 2549 490 2626 Quod
511 2549 599 2629 topice
619 2549 710 2611 fuerit
730 2549 912 2623 adhibitum,
933 2550 1055 2612 evidens
1075 2560 1137 2612 eat:
1168 2572 1286 2624 revera,

180 2678 206 2739 ai
219 2688 336 2758 tempus
357 2687 536 2741 nocturnum
558 2678 699 2758 praecedit
712 2679 865 2753 diurnum,
879 2632 949 2760 ergb
963 2701 1055 2758 quum
1078 2681 1190 2741 dicitur
1203 2681 1286 2742 deci·

181 2819 341 2889 maquarta
364 2808 413 2870 die
436 2810 475 2869 ad
500 2830 666 2888 vesperam,
680 2810 727 2870 hae
750 2829 880 2889 vesperae
903 2809 1013 2871 debent
1036 2809 1097 2870 illae
1121 2830 1191 2882 ease,
1215 2831 1286 2889 quae

180 2940 353 3000 immediate
376 2938 502 3000 veniunt
526 2949 593 3018 post
617 2959 754 3000 occasum
780 2939 840 3000 diei
864 2940 1054 3000 decimitertii
1066 2961 1073 3014 ;
1095 2960 1131 3000 ac
1154 2940 1286 3019 proinde

181 3073 284 3153 primae
298 3092 427 3151 vesperae
440 3071 500 3133 diei
514 3071 733 3150 decimiquarti.
777 3070 867 3147 Quod
883 3079 981 3130 autem
1001 3069 1080 3147 sclao
1094 3069 1225 3148 idipsum
1242 3069 1283 3131 cl.

180 3203 369 3266 adversarius
389 3203 579 3282 adoptaverit
600 3201 639 3263 ad
660 3222 744 3262 auam
767 3201 953 3281 probandam
975 3199 1163 3272 sententiam,
1185 3220 1224 3260 ex
1248 3220 1286 3262 eo

179 3334 296 3397 clarum
315 3333 359 3407 fit,
372 3333 452 3413 quod
474 3331 550 3392 illud
570 3340 691 3393 tantum
706 3351 760 3410 pro
781 3330 888 3392 diebus
907 3330 1116 3391 communibus
1138 3329 1285 3404 valebam

180 3473 211 3524 at
225 3482 413 3542 nequaquam
429 3482 483 3541 pro
497 3461 566 3535 illis,
580 3460 690 3540 quibus
704 3461 851 3522 sacrificia
869 3461 1081 3533 offerebantur,
1093 3459 1197 3539 qualea
1210 3470 1287 3522 sunt

178 3593 225 3652 illi
239 3591 298 3653 Ex.
313 3601 343 3652 et
357 3591 448 3652 Deut.
464 3591 553 3669 (loco.
567 3590 644 3669 citt.)
658 3611 665 3663 ;
684 3590 764 3650 hisce
778 3590 857 3650 enim
872 3588 976 3650 diebus
990 3588 1065 3650 lucia
1079 3597 1197 3668 tempus
1212 3610 1285 3653 noc·

177 3732 267 3783 turno
281 3720 423 3782 anteibat.
445 3719 495 3781 Ita
508 3741 580 3781 sane
593 3719 705 3798 legitur
718 3719 750 3779 in
764 3717 850 3780 Gem.
866 3718 952 3779 Hier.
968 3717 990 3780 J
991 3739 1059 3778 oma
1074 3719 1221 3797 (xxxviii.
1236 3721 1283 3801 2.)

178 3862 208 3915 et
222 3851 308 3914 Gem.
319 3852 444 3914 Chullin
457 3851 593 3926 (lxxxiii.
610 3851 669 3928 1.):
686 3867 723 3912 nr
738 3865 800 3912 anu
813 3843 987 3933 promen
1001 3865 1131 3946 ntorum,
1140 3851 1181 3912 Ic
1192 3855 1284 3914 aava·

171 3982 251 4062 ficita
263 4002 321 4043 noa
333 3983 410 4042 venit
418 3989 484 4060 poet
498 3981 582 4042 dieto.
615 3981 700 4043 Idem
716 3982 828 4044 dicitur
838 3984 871 4042 in
885 3983 1045 4045 Berachot.
1062 3984 1094 4060 (i.
1112 3982 1163 4060 1.),
1175 3982 1286 4046 Mena·
