2932 4860
540 589 736 642 ntaoutamo
756 589 1040 634 comeo-mauce.

237 1091 277 1152 do
287 1091 344 1163 die,
354 1090 502 1171 jejunium
518 1089 650 1150 constitit
665 1101 750 1151 nocte
760 1102 790 1151 et
804 1091 870 1163 die;
887 1111 944 1151 non
960 1102 1060 1152 autem
1076 1091 1215 1153 similiter
1229 1092 1289 1153 fuit
1302 1092 1339 1151 de

236 1222 334 1294 tertio,
345 1221 375 1280 in
386 1221 443 1280 boc
457 1219 535 1305 enim
546 1218 693 1298 jejunium
706 1218 838 1281 constitit
853 1230 939 1282 nocte
952 1220 1014 1280 sine
1028 1220 1092 1280 ullo
1106 1220 1207 1294 dubio,
1223 1221 1272 1282 die
1287 1241 1340 1281 au-

238 1363 300 1415 tem
314 1350 512 1432 probabiliter
525 1372 601 1424 non;
616 1351 690 1411 stetit
703 1350 827 1411 enimin
837 1351 920 1411 atrab.
942 1351 1025 1430 Ergo
1036 1352 1062 1411 si
1073 1352 1125 1411 uni
1140 1352 1220 1430 parti
1235 1352 1340 1430 primae

235 1485 296 1546 diei
309 1494 339 1545 et
353 1483 470 1543 duabus
480 1481 547 1543 aliis
560 1481 696 1542 secundae
709 1481 849 1554 addatur,
859 1483 902 1542 nti
915 1481 1101 1561 probabilius
1115 1482 1190 1542 mihi
1205 1482 1337 1557 videtur,

235 1636 297 1677 nna
312 1634 380 1694 pars
394 1613 453 1673 diei
474 1612 564 1685 tertii,
574 1612 723 1692 jejunium
744 1612 855 1673 Esther
875 1613 1008 1673 constitit
1028 1624 1158 1691 quatuor
1179 1614 1337 1693 partibus;

235 1745 368 1825 quinque
382 1752 491 1814 autem,
505 1742 530 1802 si
544 1742 634 1802 etiam
649 1741 745 1802 altera
759 1762 828 1820 pars
842 1741 901 1802 diei
916 1743 1010 1804 tertiae
1025 1753 1219 1804 recenseatur.

276 1873 442 1936 30.—Jure
455 1874 548 1953 igitur
570 1873 724 1938 concludo.
767 1873 849 1934 Loco
873 1875 922 1936 bic
944 1875 1078 1954 exposito
1102 1877 1335 1955 protocanonico

234 2004 306 2065 libri
320 2004 440 2076 Esther,
456 2003 557 2083 phrasi
571 2003 663 2063 tribus
681 2003 782 2064 diebus
796 2011 821 2064 et
835 2005 927 2064 tribua
946 2005 1082 2079 ooctt'bas,
1097 2026 1193 2084 neque
1208 2008 1336 2068 veniunt

153 2122 155 2125 ¹
233 2143 293 2197 tres
307 2131 369 2192 dies
389 2130 547 2191 duodecim
565 2131 708 2191 horarum
730 2131 861 2192 distincti
883 2152 903 2192 a
917 2132 1040 2192 totidem
1063 2132 1199 2194 noctibus
1221 2135 1336 2212 pariter

234 2262 392 2322 duodecim
415 2260 568 2333 horarum,
588 2281 684 2339 neque
707 2282 759 2322 sex
783 2271 883 2340 partes
906 2262 1022 2322 dierum
1047 2272 1078 2323 et
1101 2262 1255 2336 noctium;
1279 2265 1331 2324 sed

233 2392 313 2472 quod
328 2412 363 2452 ea
376 2390 572 2468 significatur,
586 2400 656 2451 sunt
677 2399 736 2451 tres
756 2391 819 2452 dies
841 2391 993 2452 naturales
1014 2392 1152 2453 sumendi
1174 2413 1229 2468 pro
1251 2413 1335 2453 more

232 2522 359 2583 humani
379 2520 529 2582 sermonis.
570 2521 688 2582 Verum
708 2521 824 2601 phrasis
838 2543 857 2582 a
871 2521 991 2583 Christo
1005 2523 1143 2584 adhibita
1157 2533 1187 2584 et
1207 2544 1278 2584 oum
1292 2524 1335 2585 al·

231 2663 297 2714 tera
318 2651 406 2714 Jonae
428 2651 572 2724 dimensa,
586 2661 629 2712 est
648 2651 719 2712 huic
741 2650 896 2731 parallelo.
939 2651 1047 2732 Itaque
1060 2662 1104 2714 est
1124 2654 1280 2726 sumenda,
1295 2675 1333 2715 ex

231 2783 369 2846 doctrina
382 2782 544 2843 Sacrorum
562 2780 796 2860 Scriptorum,
819 2803 876 2843 non
899 2802 952 2861 pro
973 2783 1070 2863 spatio
1090 2783 1181 2844 trium
1204 2784 1334 2863 integro·

180 2990 182 2994 ,
231 2936 299 2976 rum
321 2913 446 2986 dierum,
467 2932 562 2991 neque
587 2932 641 2990 pro
662 2911 767 2972 diebus
789 2912 947 2973 duodecim
975 2912 1118 2973 horarum
1143 2913 1292 2975 distinctis
1314 2936 1333 2975 a

231 3059 378 3132 noctibus,
392 3077 488 3136 neque
501 3056 623 3116 tandem
640 3056 736 3117 veluti
750 3066 888 3118 constans
908 3078 960 3117 sex
980 3058 1133 3137 partibus3
1154 3060 1206 3120 sed
1227 3071 1332 3122 contra

231 3201 274 3253 est
300 3190 440 3251 habenda
468 3198 558 3268 prout
584 3188 734 3266 significat
754 3199 813 3250 tres
834 3189 896 3250 dies
917 3189 1070 3250 naturales
1095 3210 1176 3251 more
1196 3190 1331 3254 hnmano

229 3323 397 3385 sumendos.

201 3466 221 3491 ·
261 3453 453 3545 tlh—quum
465 3451 567 3532 igitur,
576 3452 828 3531 quemadmodum
841 3472 879 3512 ex
889 3451 982 3512 Sacra
996 3451 1153 3531 Scriptura
1166 3460 1196 3513 et
1209 3473 1248 3512 ex
1263 3453 1331 3514 aliis

228 3585 387 3647 momentis
407 3584 586 3657 ostendetur,
601 3582 738 3644 Christus
758 3603 818 3643 non
842 3584 985 3644 manserit
1005 3583 1035 3642 in
1057 3582 1193 3661 sepulcro
1213 3593 1331 3663 septua-

228 3712 443 3794 gintaduabus
463 3712 552 3785 horis,
567 3732 603 3772 ac
621 3711 746 3791 proinde
766 3732 827 3772 non
848 3712 944 3772 tribus
965 3711 1087 3791 paribus
1104 3712 1221 3772 dierum
1235 3724 1266 3775 et
1280 3735 1330 3774 no

228 3843 322 3916 tium;
344 3860 449 3903 verum
463 3851 565 3902 tamen
579 3850 688 3915 manet,
703 3842 802 3921 ipsum
815 3841 905 3902 fuisse
923 3843 955 3901 in
969 3842 1057 3902 fovea
1070 3841 1166 3902 tribus
1180 3841 1286 3904 diebus
1300 3853 1330 3905 et

228 3973 324 4034 tribus
337 3971 486 4045 noctibus,
499 3991 634 4032 sermone
648 3969 777 4031 biblico:
799 3971 904 4032 eodem
916 3980 1004 4050 pacto
1018 3991 1078 4050 quo
1092 3971 1203 4051 legitur
1217 3971 1330 4034 Esther
