2932 4860
634 1242 980 1308 PRAEFATIO.

707 1526 903 1565 wa·

299 1788 386 1870 Quae
402 1808 455 1850 me
471 1788 513 1850 ad
529 1786 614 1850 hanc
629 1787 863 1850 elaborandam
886 1789 1149 1871 disquisitionem
1173 1792 1357 1874 adegerunt

253 1929 388 2004 motiva,
405 1948 444 1990 ea
466 1927 677 2008 potissimum
701 1926 778 1988 bina
802 1936 898 1989 sunt:
922 1947 1016 1990 amor
1037 1929 1192 2003 veritatis,
1205 1948 1265 1991 nec
1290 1949 1357 1992 non

141 2098 143 2102 v
252 2065 451 2147 obsequium
469 2085 548 2146 erga
572 2063 656 2138 illos,
673 2083 815 2151 quorum
833 2065 991 2145 imperata
1007 2063 1111 2126 facere
1127 2082 1257 2126 sacrum
1274 2063 1357 2125 mihi

252 2222 325 2265 esse
353 2201 459 2263 debet.
505 2198 619 2281 Atque
646 2197 766 2261 horum
797 2200 940 2281 primum
968 2209 1005 2261 ut
1032 2208 1118 2261 recte
1146 2198 1358 2280 intelligatur,

251 2338 440 2401 nullatenus
457 2337 502 2399 ita
524 2345 575 2399 est
597 2336 835 2418 accipiendum,
851 2357 890 2399 ac
906 2337 933 2398 si
951 2337 1021 2418 ipse
1043 2346 1192 2399 versatus
1209 2356 1356 2418 unquam

251 2473 369 2536 fuerim
408 2474 441 2535 in
480 2472 581 2534 dubio
619 2473 705 2535 circa
735 2481 876 2554 tempus,
907 2492 974 2553 quo
1014 2470 1165 2536 Christus
1204 2483 1356 2536 mortuus

247 2609 353 2692 jacuit
383 2611 416 2672 in
448 2609 609 2692 sepulcro.
671 2609 785 2691 Quum
823 2611 910 2672 enim
942 2619 1038 2672 natus
1068 2612 1130 2672 sim
1164 2612 1197 2673 in
1228 2613 1357 2694 gremio

251 2746 426 2810 catholicae
454 2746 623 2822 Ecclesiae,
641 2746 710 2827 jam
734 2767 753 2810 a
776 2747 963 2829 crepundiis
987 2748 1086 2811 didici
1114 2749 1356 2831 sapientissima

251 2885 414 2960 coecitate,
431 2903 497 2946 non
514 2883 622 2946 solum
646 2883 728 2945 illud
745 2893 781 2945 ut
802 2903 917 2946 verum
936 2883 1066 2958 habere,
1083 2884 1174 2965 quod
1191 2885 1241 2946 Ea
1256 2884 1355 2965 expli-

250 3023 309 3087 cite
324 3024 525 3086 credendum
548 3023 721 3104 proponit;
745 3042 859 3084 verum
882 3023 981 3084 etiam
998 3023 1089 3103 quod
1112 3023 1304 3104 simpliciter
1320 3024 1352 3084 in

251 3164 415 3227 constanti
427 3171 460 3225 et
473 3161 647 3224 universali
663 3161 769 3243 Ipsius
782 3161 1022 3224 consuetudine
1034 3163 1220 3225 continetur
1228 3185 1235 3239 ;
1248 3183 1353 3243 quum

252 3314 285 3367 et
302 3303 343 3365 de
360 3301 434 3378 hoc,
447 3311 575 3363 servata
590 3301 813 3382 proportione,
827 3299 881 3362 ille
897 3300 1004 3362 valeat
1020 3321 1104 3381 opus
1120 3309 1170 3362 est
1186 3301 1352 3362 Vincentii

253 3441 435 3504 Lirinensis
451 3458 577 3501 canon:
606 3436 701 3514 Quod
712 3448 892 3500 constanter
904 3448 935 3500 et
948 3438 1060 3518 ubique
1075 3439 1175 3500 tenm't
1193 3439 1354 3503 catholica

249 3576 398 3653 Ecclesia,
415 3596 477 3637 non
494 3585 540 3637 est
553 3584 705 3657 putatum
728 3585 865 3638 erratum
887 3577 946 3638 sed
965 3575 1125 3639 traditum.
1173 3576 1288 3658 Itaque
1309 3578 1352 3639 ad

249 3722 446 3798 praesentem
463 3713 728 3794 disquisitionem
745 3720 889 3774 mentem
910 3732 1111 3794 manumque
1127 3712 1267 3793 adposui
1284 3731 1352 3774 non

249 3852 346 3934 plane
373 3859 408 3912 ut
432 3858 566 3932 egomet
590 3849 683 3926 meis,
700 3850 759 3911 sed
783 3857 819 3911 ut
843 3849 929 3911 votis
956 3849 1157 3931 agnoscendi
1181 3850 1352 3912 veritatem

250 3988 389 4052 facerem
414 3987 502 4062 satis,
519 4006 595 4067 quae
612 3986 776 4068 Egregius
800 3985 940 4048 Watson
964 3985 1079 4048 eadem
1095 3984 1151 4047 illa
1173 3986 1352 4067 scriptione

249 4124 413 4207 (speciosa
428 4124 573 4206 quidem,
590 4123 702 4200 fateor,
715 4124 824 4185 minus
834 4132 945 4186 tamen
961 4123 1088 4185 veritati
1105 4121 1276 4206 congrua),
1287 4144 1353 4205 qua

248 4265 436 4330 contendit:
467 4263 637 4328 Christum
659 4262 1001 4345 septuaginta-duabus
1022 4261 1107 4324 horis
1138 4262 1283 4343 jacuisse
1320 4263 1352 4324 in

744 4389 745 4394 ¹
1118 4384 1150 4426 vr
