2932 4860
456 597 458 602 .
487 561 684 615 DrsQulsfflo
704 561 990 606 calrlcoammcn.

186 930 357 992 delicientur
373 933 436 1012 filii
455 934 512 993 mci
525 954 613 1013 cuque
634 933 675 992 ool
689 940 745 994 tres
758 955 874 1007 raetiam,
888 943 1048 1013 autequam
1071 956 1179 1015 nempe
1193 936 1291 1016 legem
1354 1018 1357 1023 .

186 1060 218 1120 iu
232 1060 315 1122 Sinai
330 1061 488 1147 accipiant.
510 1062 557 1122 Dc
571 1062 619 1122 dic
632 1063 674 1122 sic
688 1062 799 1141 legitur
813 1063 844 1123 in
853 1062 947 1124 Sedcr
961 1063 1050 1124 Olam
1067 1064 1178 1126 Rabba
1194 1071 1233 1141 (c.
1245 1068 1289 1144 u.)

187 1210 246 1255 nm·
260 1207 283 1254 ‘r
299 1186 395 1255 amhn
408 1191 520 1251 nudius
534 1194 634 1252 tertius
646 1199 730 1251 erant
744 1199 800 1252 tres
813 1192 893 1263 diem
913 1204 944 1253 et
960 1193 1137 1254 Abencsdra
1158 1195 1189 1254 iu
1213 1195 1288 1256 Lev.

186 1325 254 1403 (xii.
269 1324 311 1402 3.)
330 1323 389 1384 ait:
410 1323 471 1383 dies
491 1324 636 1383 naturalis
651 1324 728 1401 (dics
742 1333 771 1384 et
792 1323 868 1401 uox)
884 1345 944 1384 non
964 1331 1145 1402 computatur
1165 1325 1201 1385 dc
1221 1333 1288 1386 tern-

181 1478 255 1535 pore
269 1456 309 1515 od
326 1464 442 1534 ternpus.

226 1585 367 1645 25.-Ex
382 1586 551 1646 testimonio
569 1586 663 1665 igitur
678 1585 897 1660 Rabbiuorum‚
908 1585 1046 1666 judicum
1068 1587 1125 1648 hac
1147 1589 1178 1647 iu
1201 1600 1287 1667 parte

184 1696 257 1776 saue
278 1716 517 1793 competentium,
537 1724 654 1776 constat
675 1725 740 1776 tum
759 1715 891 1795 phrasim
913 1716 988 1776 diem
1011 1724 1037 1776 ct
1063 1725 1170 1778 nomm
1192 1740 1283 1779 unum

185 1847 363 1907 constituere
385 1846 463 1906 diem
487 1847 665 1920 naturalem,
679 1856 744 1908 tum
765 1847 889 1926 proinde
903 1849 984 1908 huuc
1006 1870 1066 1909 uon
1087 1870 1149 1910 esse
1169 1872 1285 1912 sumen-

184 1978 257 2037 dum
273 1998 326 2056 pro
340 1976 451 2056 inthro
466 1977 522 2038 die.
547 1976 605 2038 Sed
621 1986 736 2038 constat
755 1978 868 2056 pariter
881 1999 919 2038 ex
933 1978 1021 2039 dictis
1036 1979 1113 2058 (21.)
1129 1979 1282 2041 Christum

73 2104 75 2107 ’
183 2108 390 2188 loquutiouem
404 2107 496 2168 tribus
512 2108 613 2169 dicbus
627 2116 653 2168 et
672 2109 765 2168 tribas
780 2083 909 2168 aociibua
922 2108 1093 2169 adhibuisse
1106 2109 1281 2172 Judaeorum

182 2256 282 2308 more;
297 2237 376 2296 hauc
389 2256 460 2315 ergo
474 2244 590 2296 constat
603 2257 664 2296 uon
677 2236 846 2315 siguificare
859 2245 918 2296 tres
933 2239 1059 2314 inthros
1072 2237 1143 2299 dies.

206 2384 207 2388 ’
225 2365 456 2445 lii-Sequitur
469 2376 680 2445 argumentum
695 2386 734 2426 ex
748 2366 928 2426 auctoritate
941 2365 1160 2445 depromptum.
1204 2368 1283 2429 Mul·

183 2508 283 2558 torum
309 2506 388 2556 certe
408 2505 526 2575 possent
546 2495 595 2556 hic
619 2495 730 2556 adduci
753 2496 923 2556 testimonia
943 2495 1104 2557 illustrium
1128 2499 1281 2572 virorum;

181 2637 283 2690 tamen
309 2647 401 2706 quum
427 2625 568 2686 brevitati
592 2626 729 2686 studeam
755 2646 828 2704 opus
856 2627 904 2698 sit,
929 2626 1017 2686 unius
1041 2638 1159 2688 tautum
1190 2629 1281 2690 verba

183 2758 289 2820 afferre
302 2756 390 2836 eligo,
404 2757 489 2836 cujus
503 2765 604 2816 tamen
625 2776 731 2815 nomen
754 2766 784 2816 et
798 2757 900 2834 magui
914 2766 958 2817 est
979 2757 1159 2831 faciendum,
1173 2770 1204 2820 et
1217 2760 1282 2820 nul·

182 2887 244 2948 lam
256 2907 356 2947 creare
366 2895 463 2965 potest
472 2885 678 2965 suspicionem.
698 2885 737 2945 D.
752 2884 800 2946 J0.
816 2884 939 2965 Georgii
954 2886 1174 2954 Rosennriilleri
1188 2901 1232 2952 est
1242 2903 1281 2952 te·

182 3017 366 3091 stimonium,
380 3016 432 3096 qui
445 3016 560 3077 scholia
579 3015 710 3076 scribens
724 3016 754 3074 in
770 3015 891 3088 Matth,
905 3036 997 3094 quum
1013 3018 1150 3094 pervenit
1163 3019 1202 3078 ad
1217 3041 1280 3080 ver·

183 3151 222 3211 ba
241 3150 321 3224 Τρεῖς
336 3153 443 3222 ἡμέρας
458 3152 500 3203 καὶ
523 3158 602 3221 τρεῖς
620 3149 727 3219 νύκτας,
742 3148 799 3207 hoc
819 3147 929 3207 habet:
951 3147 1106 3209 “Christus
1120 3150 1194 3210 duas
1217 3162 1279 3212 tan·

182 3291 247 3341 tum
262 3288 362 3339 noctes
376 3287 405 3338 et
419 3297 513 3337 uuum
528 3276 607 3337 diem
622 3276 653 3335 in
668 3276 804 3355 sepulcro
819 3276 910 3336 latuit
918 3298 926 3348 ;
947 3276 1023 3337 solet
1032 3287 1131 3337 autem
1144 3279 1207 3340 dies
1221 3302 1278 3360 quo

180 3409 314 3489 sepultus
328 3416 379 3480 est,
394 3416 424 3467 et
437 3406 499 3466 dics
513 3426 573 3485 quo
588 3407 750 3466 resurrexit
763 3408 981 3480 connumerari,
992 3397 1206 3484 eodemmodo,
1220 3433 1278 3490 quo

181 3536 417 3617 Transfiguratio
428 3536 540 3597 Christi
552 3535 663 3596 Matth.
677 3536 764 3614 (xvii.
778 3536 819 3614 1.)
831 3544 895 3614 post
905 3559 953 3596 sec
963 3537 1044 3608 dica;
1059 3538 1133 3601 Luc.
1146 3541 1203 3619 (ix.
1216 3544 1275 3619 28.)

175 3675 242 3748 post
262 3675 319 3728 ocio
333 3667 395 3727 dics
413 3667 569 3746 contigisse
584 3677 732 3728 narratur.
768 3666 929 3728 Thalmud.
950 3667 1152 3750 Hierosolym.
1166 3671 1277 3735 Schab·

180 3797 250 3858 bas:
272 3797 387 3856 Dictat
408 3816 466 3855 nox
483 3797 657 3856 constituunt
671 3813 738 3869 mro
754 3803 937 3871 νυχθήμερυν,
948 3798 1135 3869 morticinum
1161 3808 1186 3860 ct
1208 3824 1277 3880 pars

180 3944 247 4001 nnn
262 3929 488 3987 estsimttotum.
501 3927 595 3987 Plura
608 3927 747 4006 exempla
761 3927 821 3988 vid.
843 3948 891 4007 ap.
914 3928 1077 3991 Wetsten.'’
1099 3931 1164 3994 Stet
1185 3935 1277 4014 igitur

180 4076 239 4116 non
255 4055 443 4116 abhorruisse
456 4055 495 4116 ab
508 4076 562 4116 usu
573 4057 715 4116 sermonis
726 4057 804 4117 iuter
814 4057 935 4119 Judaeos
946 4061 1065 4138 recepti,
1076 4071 1111 4122 ut
1124 4063 1187 4124 dies
1202 4085 1277 4125 uuus
