2932 4860
183 548 242 610 205
478 565 673 621 nmonrsrrro
693 565 976 612 carrmomanron.

182 1072 282 1152 quoad
307 1071 465 1134 verborum
490 1071 603 1134 Christi
622 1071 870 1151 significationem
895 1071 1021 1151 (Matth.
1045 1073 1097 1134 xii.
1123 1074 1187 1148 40.)
1207 1074 1274 1153 jam

181 1204 320 1285 respondi
349 1205 504 1284 (1—32.);
526 1204 727 1266 testimonium
748 1204 830 1284 apud
851 1203 925 1266 Luc.
942 1204 1041 1284 (xxiv.
1064 1206 1126 1284 21.)
1149 1206 1276 1267 adsumo

181 1335 391 1415 exponendum
405 1335 513 1396 ultimo
527 1335 600 1396 loeo.
641 1334 781 1414 Superest
802 1334 925 1414 proinde
941 1334 1050 1408 videre,
1063 1336 1137 1416 quid
1157 1337 1197 1398 sit
1210 1357 1275 1398 sen·

180 1465 314 1526 tiendum
337 1466 374 1526 de
394 1466 472 1526 torsa
491 1466 644 1545 sepulture
661 1475 691 1526 et
710 1466 925 1526 reearreotrom'e
945 1464 1134 1539 christinae
1154 1485 1215 1526 uon
1237 1466 1276 1526 de

181 1596 297 1657 theoria
310 1595 365 1657 illa
377 1595 573 1657 &hiemem

220 1727 402 1806 tile-Quod
412 1727 520 1789 attinet
532 1727 633 1807 itaque
646 1727 687 1788 ad
700 1727 801 1788 horam
813 1727 966 1807 sepulture
985 1727 1100 1800 christi,
1116 1726 1152 1788 el.
1167 1728 1275 1790 adver·

179 1857 240 1916 rius
250 1857 311 1917 ait:
333 1855 489 1917 “Christus
501 1855 634 1936 sepultus
646 1854 706 1917 fuit
719 1865 824 1918 exacte
833 1856 955 1936 quando
968 1855 1135 1918 Sabbatum
1147 1877 1273 1936 appare

179 1987 240 2059 bat,
254 1987 326 2066 quia
336 1986 447 2066 legitur
456 1985 538 2065 apud
549 1985 624 2047 Luc.
640 1986 741 2063 (xxiii.
756 1987 836 2064 54.):
852 1986 892 2047 Et
901 1986 1058 2048 Sabbetm
1068 1986 1274 2048 iduoeeoebot.'’

179 2117 231 2177 Ad
252 2117 309 2178 hoe
322 2116 405 2178 dieo:
426 2115 628 2178 testimonium
647 2115 783 2177 adlatum
799 2136 858 2177 nou
871 2116 981 2196 probat
994 2116 1035 2189 id,
1045 2119 1172 2197 'propter
1192 2117 1274 2197 quod
1304 2205 1306 2208 y

178 2247 237 2307 fuit
251 2245 415 2308 adductum
425 2269 433 2320 ;
444 2246 626 2324 etenim-o)
642 2245 766 2308 verbum
778 2245 917 2307 Graeoum
931 2251 1073 2320 ἐπέφωσκε
1087 2267 1121 2307 eo
1133 2246 1198 2307 loeo
1213 2266 1277 2306 non

179 2378 301 2437 denotat
314 2375 481 2437 Sabbatum
497 2376 562 2454 jam
576 2375 750 2455 ingressum,
764 2375 815 2436 sed
831 2375 896 2454 jam
917 2376 1136 2455 ingressurum
1157 2393 1193 2435 ae
1207 2394 1275 2454 pro

179 2508 248 2568 inde
262 2505 361 2567 adhue
374 2505 503 2566 includit
516 2504 649 2584 aliquam
663 2513 779 2583 partem
794 2504 853 2565 diei
867 2502 1003 2566 Veneris.
1027 2502 1115 2576 Saue,
1128 2503 1172 2565 ita
1186 2504 1275 2565 intel-

180 2638 318 2698 lexerunt
331 2636 411 2696 hune
431 2635 530 2697 locum
544 2634 593 2697 Jo.
608 2633 756 2714 Georgius
776 2633 1029 2708 Rosenmiillerus‚
1043 2634 1170 2696 reddens
1189 2634 1274 2698 Grae

179 2786 264 2825 eum:
279 2764 333 2822 Kal
348 2768 487 2822 σάσσατον
500 2768 642 2838 &neporus
658 2764 708 2824 in:
730 2763 1011 2854 EtSobbatumjam
1019 2766 1151 2844 proxime
1162 2764 1277 2839 aderat,

178 2905 209 2955 et
222 2894 244 2957 J
245 2916 271 2955 o.
286 2893 473 2966 Maldonato‚
487 2894 539 2973 qui
560 2903 763 2955 commentans
783 2894 831 2956 eit.
846 2894 901 2956 loc.
916 2894 1072 2956 Menum
1088 2895 1275 2969 illaec-scebat,

180 3026 232 3098 ait,
243 3024 420 3104 aequivalere
430 3023 588 3085 Sabbatum
598 3025 860 3106 appropinquabat.
885 3024 1042 3098 Praeterea,
1056 3024 1195 3086 mulieres
1209 3035 1277 3105 post

178 3155 362 3235 sepulturam
384 3154 496 3217 Christi
516 3155 603 3234 (ibid.
624 3156 697 3234 56.),
716 3164 881 3225 reuertentes
897 3164 1078 3236 paraveram
1097 3165 1228 3217 armante
1248 3165 1277 3218 et

180 3293 336 3364 aequom.
357 3285 416 3346 Sed
430 3285 487 3346 hoe
501 3283 640 3346 illicitum
655 3284 758 3346 fuisset
767 3305 864 3366 agere,
872 3285 897 3346 si
907 3284 1075 3346 Sabbatum
1085 3286 1150 3365 jam
1162 3286 1276 3349 fuisset.

179 3416 262 3495 Ergo
282 3414 450 3488 dicendum,
464 3414 545 3494 quod
565 3414 637 3476 dum
652 3415 714 3475 haec
734 3423 857 3496 agerent
872 3414 1007 3476 nondum
1028 3416 1192 3494 ingressum
1206 3426 1276 3478 erat

178 3547 361 3620 Sabbatum3
383 3554 595 3625 consequenter
609 3546 704 3606 multo
718 3546 817 3607 minus
830 3544 997 3608 Sabbatum
1012 3555 1077 3607 erat
1097 3546 1218 3626 quando
1231 3568 1276 3610 se-

177 3677 280 3757 pultus
299 3677 360 3737 fuit
372 3675 516 3738 Christus.
557 3675 616 3738 Sed
630 3676 727 3749 tertio,
741 3675 888 3756 quidquid
907 3675 1005 3737 dehis
1018 3676 1065 3749 sit,
1081 3676 1180 3738 Lucas
1194 3687 1276 3740 certe

177 3807 389 3869 studiosissime
412 3806 551 3868 observat
574 3805 606 3865 in
629 3806 690 3867 suis
709 3805 828 3885 seriptis
849 3805 984 3867 ordinem
1007 3807 1157 3886 temporis.
1199 3807 1274 3870 Jam
