2984 4860
201 556 238 616 51
502 573 697 627 nmanrsrmo
717 571 1002 616 cmrrcoaranrcl.

202 815 325 890 deamus
339 815 442 901 itaque
455 824 572 894 oportet
585 815 776 893 quandonam
793 813 903 873 Esther
924 813 962 872 ad
980 832 1079 891 regem
1095 813 1229 889 ingressa
1244 811 1307 871 sit?

200 953 385 1023 ex.tempore
405 945 482 1004 enim
503 944 560 1004 hoc
581 944 697 1021 integra
718 942 827 1021 pendet
841 942 887 1002 vis
900 952 1008 1001 nostrae
1021 939 1304 1020 argumentationis.

201 1073 322 1159 Etenim
336 1073 360 1133 si
376 1072 495 1145 Esther,
510 1082 615 1132 exacto
631 1071 717 1151 plene
735 1070 850 1150 jejunio
869 1070 961 1130 trium
976 1071 1093 1130 dierum
1113 1069 1304 1148 totidemque
1333 1151 1336 1157 .

199 1182 340 1295 noctium,
355 1204 393 1289 ad
415 1175 513 1280 regem
537 1167 635 1272 venit;
657 1201 714 1260 erit
737 1189 986 1272 concludendum,
1000 1199 1101 1278 phrasi
1123 1208 1302 1270 memorata,
1329 1167 1333 1192 i

200 1345 264 1394 tum
281 1333 388 1422 :uenire
408 1318 467 1393 tres
482 1323 557 1391 ‘dies
585 1331 741 1391 duodecim
763 1330 905 1389 horarum
928 1329 1083 1389 distinctos
1103 1337 1133 1388 et
1154 1328 1268 1388 divisos
1282 1348 1302 1389 a

197 1426 334 1522 noctilus
363 1452 476 1541 pariter
504 1461 659 1521 duodecim
692 1461 844 1533 horarum,
865 1468 931 1519 tum
951 1459 1082 1538 spatium
1112 1459 1233 1539 plenum
1258 1479 1302 1521 se,

198 1592 497 1679 ptuaginta-duarum
510 1592 662 1664 horarum,
677 1610 726 1650 seu
743 1602 801 1650 tras
815 1590 876 1650 dics
891 1590 1029 1669 integros.
1050 1590 1102 1650 sin
1118 1610 1191 1651 vero
1204 1609 1300 1661 secus,

196 1686 318 1815 scilicet,
332 1723 357 1784 si
371 1743 410 1783 ex
430 1723 522 1783 Sacra
532 1722 692 1801 ,Scriptura
706 1722 770 1800 ipsa
784 1731 918 1799 apparet,
934 1720 1044 1780 Esther
1057 1719 1220 1798 ingressam
1235 1739 1301 1779 ease
1363 1723 1378 1789 ζ

197 1851 237 1933 ad
251 1821 350 1935 regem
372 1871 430 1912 uon
452 1851 539 1930 plene
560 1852 673 1911 exactis
694 1851 795 1912 tribus
804 1850 909 1910 diebus
922 1862 953 1911 ct
973 1851 1069 1910 tribus
1083 1850 1230 1923 noctibus,
1245 1851 1298 1910 sed

196 1982 225 2041 in
239 1943 396 2075 'postremo
420 1946 486 2064 pari
510 1981 592 2041 illins
617 1981 708 2041 tridui
733 1972 849 2040 dierum
870 1991 900 2041 et
921 1981 1062 2053 noctium,
1080 1981 1219 2059 quodque
1240 2000 1300 2058 par

196 2080 415 2205 expressesdiaa
434 2111 619 2190 appelletur;
640 2132 734 2190 quum
756 2113 819 2190 ipsa
847 2113 1024 2191 promiserat
1043 2132 1074 2172 se
1093 2084 1299 2205 ingressuram

196 2215 235 2314 ad
256 2203 354 2322 regem
376 2235 501 2332 ‘nonnisi
532 2252 598 2320 post
628 2235 776 2321 jejunium
794 2242 897 2302 trium
926 2241 1042 2301 dierum
1060 2251 1100 2302 et
1130 2240 1221 2300 trium
1245 2261 1300 2300 no·

195 2372 297 2446 otium,
311 2373 367 2432 erit
389 2340 558 2446 dicendum3
572 2372 728 2440 laudatam
743 2372 944 2452 phrasimper
961 2393 1022 2432 sese
1042 2371 1102 2445 hic,
1116 2380 1145 2431 ct
1159 2370 1299 2444 ubicum-

187 2462 252 2596 ¹que·
273 2496 443 2575 occurrerit,
458 2496 516 2561 non
538 2511 603 2562 ¹esse
623 2501 797 2562 sumendam
821 2512 902 2562 arcte
923 2503 960 2562 de
980 2501 1077 2580 spatio
1090 2501 1300 2580 septuaginta·

194 2624 322 2718 duarum
350 2632 502 2704 horarum,
530 2652 626 2711 neque
653 2631 854 2692 hebraismum
887 2632 949 2692 dica
981 2641 1007 2692 ct
1039 2653 1096 2692 noa
1125 2631 1300 2711 significare

194 2755 281 2849 diem,
301 2760 457 2822 duodecim
479 2761 620 2821 horarum
649 2761 835 2840 similemque
862 2771 988 2834 noctem,
1015 2761 1067 2821 sed
1091 2782 1183 2821 unum
1213 2758 1298 2838 diem

174 2891 370 2976 naturalem.

221 3020 372 3113 ¹dle-'Ita
393 3013 504 3081 autem
517 3042 547 3080 se
572 3041 617 3081 res
640 3020 749 3094 habet;
771 3020 881 3100 legitur
903 3021 981 3080 enim
1011 3027 1054 3097 (v.
1078 3022 1137 3100 l.):
1160 3022 1219 3085 Die
1241 3045 1300 3084 au-

192 3158 248 3227 tem
267 3153 348 3210 tertio
368 3151 475 3211 induto
496 3159 535 3211 est
557 3151 661 3211 Esther
681 3151 826 3228 repolibna
838 3153 1022 3231 ,vmtimentm
1037 3159 1062 3211 et
1076 3153 1149 3216 stetu
1161 3153 1195 3210 in
1216 3156 1298 3214 atrio

192 3282 291 3358 domna
319 3254 415 3360 reyioe.
466 3282 556 3358 Quod
587 3281 724 3361 loquutio
752 3282 799 3341 die
834 3289 928 3341 aretem
956 3284 1046 3354 tertio,
1078 3282 1224 3342 referatur
1254 3284 1297 3345 ad

157 3484 160 3491 Α
187 3386 398 3495 jejuninm‚‘'et
424 3400 525 3473 sensus
541 3412 615 3472 inde
642 3432 789 3491 exurgens
816 3413 873 3472 sit:
895 3412 944 3471 die
961 3423 1060 3473 autern
1077 3412 1165 3473 tertio
1186 3412 1225 3472 ab
1251 3415 1297 3474 in-

191 3551 275 3637 cepto
291 3519 408 3622 ¹'jejunio
429 3551 493 3615 etc,
515 3526 610 3621 neque
634 3552 686 3615 est,
700 3563 878 3622 neqneesse
900 3554 996 3622 potest
1016 3544 1296 3617 difficultas;,dicit

190 3672 268 3745 enim
282 3669 466 3731 ‘relationem
488 3672 527 3732 ad
548 3671 663 3750 aliquid
696 3672 735 3733 ab
757 3673 867 3733 Esther
890 3675 1087 3752 promissum3
1109 3674 1166 3735 hoc
1188 3685 1293 3736 autem

145 3883 148 3891 Ι
168 3872 170 3879 J
188 3801 263 3871 fuit:
286 3801 330 3896 El:
347 3822 397 3878 epo
417 3822 481 3860 cum
503 3802 617 3861 ancillis
637 3804 706 3861 meris
726 3804 856 3862 similiter
879 3803 989 3881 (tribus
1010 3803 1115 3863 dicbus
1136 3816 1169 3868 et¹
1192 3805 1296 3867 tribus

189 3929 339 4019 noctibus)
354 3930 507 4008 jejunabo,
522 3938 548 3989 ct
568 3937 636 3989 tuac
655 3932 807 4009 inpredior
828 3933 868 3992 od
890 3955 992 4010 repom.
1033 3933 1153 4010 Vocula
1174 3941 1243 3994 tnnc
1258 3937 1292 3996 in

188 4069 273 4119 textu
295 4059 426 4119 Hebraeo
447 4070 490 4120 est
515 4076 560 4148 pr
585 4070 614 4120 et
636 4050 760 4138 proprie
775 4061 898 4121 denotat
916 4064 949 4120 ia
971 4064 1031 4134 tali,
1045 4064 1093 4122 sr’c,
1135 4062 1180 4122 Cf.
1204 4063 1291 4124 Eccl.

189 4191 266 4268 (xiii,
289 4188 350 4266 10.)
376 4200 405 4250 et
432 4189 538 4250 Gesen.
562 4191 622 4268 (cp.
648 4191 713 4267 cit.)
737 4192 774 4250 ad
798 4212 899 4252 vocem
923 4209 969 4278 pn.
1013 4193 1169 4271 Ergo—a)
1186 4214 1296 4271 quum.
