2932 4860
182 578 221 638 35
485 596 680 651 nisoursrmo
700 597 985 641 comeo-manica

182 845 289 910 mente,
303 846 333 896 et
346 836 431 897 nullo
445 837 521 898 falso
535 848 687 916 praeventa
703 838 829 917 judicio,
840 839 878 898 ad
891 859 927 899 ea
941 838 1043 900 oculos
1057 840 1204 918 tantisper
1220 824 1281 900 ver

182 968 267 1028 terit:
289 978 399 1041 tamen,
414 988 506 1048 quum
523 988 582 1028 non
596 968 755 1041 defuerint,
770 968 814 1028 uti
828 989 919 1048 supra
929 969 1097 1048 ipseinnui,
1107 969 1160 1048 qui
1177 969 1280 1048 loquu-

181 1098 261 1158 tione
282 1093 615 1177 praedicta,sepulcru1n
635 1100 740 1184 ,venire
761 1100 951 1172 dictaverint,
966 1099 1059 1160 nullis
1078 1120 1150 1160 sane
1170 1100 1280 1161 validis

180 1227 291 1288 adlatis
313 1230 513 1307 argumentis;
535 1237 632 1307 posset
660 1230 792 1307 profecto
820 1229 856 1288 cl.
884 1229 1074 1289 adversarius
1097 1229 1143 1306 (et
1162 1231 1194 1288 in
1224 1230 1280 1290 hoc

181 1359 250 1436 jure
264 1367 398 1418 uteretur
411 1363 479 1437 suo)
494 1379 549 1437 pro
570 1367 656 1438 parte
669 1358 793 1419 istorum
808 1379 839 1418 se
853 1359 1015 1432 declarare,
1027 1359 1279 1420 demonstratione

180 1488 271 1548 etiam
293 1488 399 1548 audita
418 1487 542 1549 alterius
568 1489 728 1550 sententiae.
771 1489 854 1565 Quid
876 1510 947 1550 vero
969 1491 1054 1550 tum?
1095 1489 1279 1551 Vinceretno

182 1618 212 1678 in
227 1618 283 1679 hoc
304 1620 459 1692 sententia,
475 1640 565 1698 quam
589 1619 614 1680 is
636 1629 717 1680 tenet
740 1619 778 1679 de
802 1629 936 1699 tempore
959 1619 1121 1698 sepulturae
1143 1619 1278 1681 Christi?

181 1747 309 1822 Scilicet,
323 1747 395 1809 dato
417 1749 496 1828 quod
515 1749 651 1828 loquutio
670 1751 704 1808 in
724 1748 808 1808 corde
830 1756 912 1808 terro
932 1749 1079 1828 significet
1096 1748 1278 1829 sepulcrum,

181 1888 210 1939 et
225 1888 435 1957 consequenter
449 1879 529 1957 quod
550 1888 628 1939 notae
642 1879 702 1938 illae
724 1879 880 1958 designent
901 1888 1019 1957 tempus
1037 1879 1217 1958 sepulturae;
1238 1902 1278 1941 se·

173 2003 322 2088 ⁸quiturne
335 2029 373 2069 ex
387 2009 452 2082 hoc,
466 2008 620 2069 Christum
635 2009 666 2068 in
681 2008 818 2088 sepulcro
838 1985 1171 2088 septuagintaduarum
1193 2009 1277 2069 hora·

181 2160 248 2200 rum
263 2140 360 2219 spatio
374 2140 536 2200 mansisse?
557 2140 815 2219 Haudquaquam.
837 2141 944 2219 Arguo
958 2149 1057 2200 autem
1074 2140 1131 2200 hac
1144 2139 1280 2200 ratione:

181 2268 227 2330 Ut
239 2277 332 2329 staret
345 2269 443 2330 illatio
464 2269 500 2330 cl.
515 2270 681 2331 adversarii
699 2269 737 2329 de
756 2269 853 2348 spatio
873 2269 1207 2349 septuagintaduarum
1229 2270 1278 2330 ho

181 2419 293 2472 rarum,
307 2399 424 2477 phrasis
442 2399 533 2459 tribio
547 2399 648 2460 diebus
666 2405 692 2459 et
704 2399 796 2459 tribua
816 2400 945 2459 noctibus
965 2398 1134 2478 significare
1157 2398 1278 2460 deberet

181 2523 284 2604 plenos
297 2536 357 2586 tres
380 2526 570 2606 integrosque
591 2526 662 2587 dies.
704 2525 761 2586 Sed
784 2527 901 2605 phrasis
922 2507 1014 2586 trihus
1033 2526 1135 2586 dicito
1148 2534 1174 2586 et
1187 2527 1278 2587 tribea

180 2655 309 2716 noctibas
322 2656 379 2717 hoc
392 2676 451 2717 non
466 2656 596 2717 denotat.
639 2656 723 2736 Ergo
744 2657 833 2717 etiam
851 2657 883 2716 in
896 2656 1064 2736 hypothesi,
1079 2657 1159 2735 quod
1174 2657 1277 2736 loquu-

180 2785 222 2845 tio
235 2785 270 2844 ia
280 2783 364 2846 corde
376 2792 459 2846 terroe
472 2786 643 2865 sepulcrum
654 2786 809 2865 significet,
818 2808 877 2847 non
889 2787 960 2847 inde
969 2787 1112 2866 sequitur,
1121 2787 1273 2849 Christum

174 2911 221 2972 ibi
235 2914 555 2993 septuagintaduabus
568 2916 650 2977 horis
664 2917 812 2978 mansisse.

220 3045 483 3124 20.-Antequam
505 3066 575 3107 vero
596 3047 635 3106 ad
657 3047 713 3107 hoo
733 3047 893 3126 aggrediar
915 3047 1190 3120 demonstrandum,
1205 3067 1275 3126 prro·

180 3173 357 3234 veniendam
386 3195 489 3236 censeo
517 3175 734 3251 difficultatem,
755 3197 821 3256 quae
851 3198 889 3237 ex
917 3177 1059 3237 continuo
1086 3197 1208 3237 recursu
1236 3177 1274 3237 ad

179 3301 298 3394 linguas
326 3305 484 3366 orientales
511 3305 603 3367 alicui
630 3317 727 3386 posset
755 3307 852 3387 objici.
885 3307 1011 3384 Quaerat
1037 3307 1161 3366 fortasse
1188 3307 1273 3386 quis:

179 3431 270 3494 Unde
300 3434 354 3495 fiat
381 3445 416 3495 ut
446 3435 485 3495 ad
516 3434 639 3496 Novum
671 3435 895 3497 Testamentum
929 3414 1165 3514 explanandum,
1193 3435 1272 3514 quod

178 3561 282 3640 procul
307 3562 399 3623 dubio
427 3564 457 3623 in
481 3565 615 3626 maxima
635 3587 689 3627 sua
710 3577 797 3645 parte
821 3565 925 3627 Graece
945 3567 1004 3627 fuit
1025 3575 1193 3640 exaratum,
1215 3587 1272 3627 cre

178 3691 232 3753 bro
267 3692 461 3754 consulantur
491 3694 660 3755 Orientales
687 3696 844 3769 versiones,
865 3696 1025 3775 praesertim
1050 3716 1120 3756 vero
1140 3694 1273 3775 Syriaca,

178 3841 215 3881 ex
244 3841 304 3900 qua
330 3833 508 3902 argumenta
534 3844 651 3903 quoque
680 3825 917 3886 demonstrativa
943 3827 1166 3886 desumuntur?
1215 3826 1274 3888 Ita·

121 3920 122 3924 Ἰ
178 3972 244 4031 que,
272 3961 307 4011 ut
332 3952 435 4012 statim
462 3953 633 4033 hujusmodi
664 3953 792 4014 dubium
819 3955 996 4034 deponatur,
1023 3955 1048 4015 si
1076 3956 1153 4016 forte
1181 3955 1272 4016 menti

178 4080 305 4160 alicujus
319 4101 451 4161 unquam
465 4081 647 4155 oboriretur3
667 4083 821 4144 sciendum
835 4093 880 4145 est
899 4084 1018 4164 linguas
1039 4063 1198 4146 orientales
1211 4097 1273 4146 tam

177 4219 262 4272 arcta
271 4210 350 4271 inter
362 4230 424 4271 sese
437 4211 614 4290 cognatione
628 4212 783 4286 contineri,
797 4223 831 4273 ut
846 4233 916 4274 vero
929 4213 1032 4291 aliquo
1046 4233 1132 4273 sensu
1148 4234 1209 4274 una
1220 4214 1274 4274 lin·
