<?xml version="1.0" encoding="UTF-8"?>
<!DOCTYPE html PUBLIC "-//W3C//DTD XHTML 1.0 Transitional//EN"
    "http://www.w3.org/TR/xhtml1/DTD/xhtml1-transitional.dtd">
<html xmlns="http://www.w3.org/1999/xhtml" xml:lang="en" lang="en">
 <head>
  <title>
</title>
<meta http-equiv="Content-Type" content="text/html;charset=utf-8" />
  <meta name='ocr-system' content='tesseract 3.04.00' />
  <meta name='ocr-capabilities' content='ocr_page ocr_carea ocr_par ocr_line ocrx_word'/>
</head>
<body>
  <div class='ocr_page' id='page_1' title='image "./disquisitiocrit00jovigoog_0107.png"; bbox 0 0 2932 4860; ppageno 0'>
   <div class='ocr_carea' id='block_1_1' title="bbox 182 583 984 652">
    <p class='ocr_par' dir='ltr' id='par_1_1' title="bbox 182 583 984 652">
     <span class='ocr_line' id='line_1_1' title="bbox 182 583 984 652; baseline -0.002 -9"><span class='ocrx_word' id='word_1_1' title='bbox 182 583 220 643; x_wconf 88' lang='grc'>73</span> <span class='ocrx_word' id='word_1_2' title='bbox 485 598 678 652; x_wconf 79' lang='lat' dir='ltr'>ursomsmo</span> <span class='ocrx_word' id='word_1_3' title='bbox 698 597 984 641; x_wconf 79' lang='lat' dir='ltr'>cnmcomsmcs.</span> 
     </span>
    </p>
   </div>
   <div class='ocr_carea' id='block_1_2' title="bbox 103 837 1286 2480">
    <p class='ocr_par' dir='ltr' id='par_1_2' title="bbox 179 837 1286 1439">
     <span class='ocr_line' id='line_1_2' title="bbox 180 837 1286 919; baseline -0.001 -20"><span class='ocrx_word' id='word_1_4' title='bbox 180 839 216 901; x_wconf 92' lang='lat' dir='ltr'>cl.</span> <span class='ocrx_word' id='word_1_5' title='bbox 232 839 429 913; x_wconf 87' lang='lat' dir='ltr'>adversarius,</span> <span class='ocrx_word' id='word_1_6' title='bbox 440 839 574 919; x_wconf 91' lang='lat' dir='ltr'>sepultus</span> <span class='ocrx_word' id='word_1_7' title='bbox 588 839 691 900; x_wconf 82' lang='lat' dir='ltr'>fuisset</span> <span class='ocrx_word' id='word_1_8' title='bbox 705 839 745 900; x_wconf 92' lang='lat' dir='ltr'>ad</span> <span class='ocrx_word' id='word_1_9' title='bbox 755 858 893 900; x_wconf 90' lang='lat' dir='ltr'>occasum</span> <span class='ocrx_word' id='word_1_10' title='bbox 907 838 967 898; x_wconf 92' lang='lat' dir='ltr'>diei</span> <span class='ocrx_word' id='word_1_11' title='bbox 978 837 1133 912; x_wconf 83' lang='lat' dir='ltr'>Mercurii,</span> <span class='ocrx_word' id='word_1_12' title='bbox 1143 848 1174 899; x_wconf 87' lang='lat' dir='ltr'>et</span> <span class='ocrx_word' id='word_1_13' title='bbox 1188 858 1286 899; x_wconf 86' lang='lat' dir='ltr'>resur·</span> 
     </span>
     <span class='ocr_line' id='line_1_3' title="bbox 182 970 1285 1050; baseline 0.002 -20"><span class='ocrx_word' id='word_1_14' title='bbox 182 970 304 1032; x_wconf 84' lang='lat' dir='ltr'>rexisset</span> <span class='ocrx_word' id='word_1_15' title='bbox 318 970 356 1031; x_wconf 85' lang='lat' dir='ltr'>ad</span> <span class='ocrx_word' id='word_1_16' title='bbox 380 991 518 1032; x_wconf 87' lang='lat' dir='ltr'>occasum</span> <span class='ocrx_word' id='word_1_17' title='bbox 542 971 601 1032; x_wconf 92' lang='lat' dir='ltr'>diei</span> <span class='ocrx_word' id='word_1_18' title='bbox 624 970 760 1044; x_wconf 83' lang='lat' dir='ltr'>Sabbati,</span> <span class='ocrx_word' id='word_1_19' title='bbox 775 971 929 1031; x_wconf 77' lang='lat' dir='ltr'>mansisset</span> <span class='ocrx_word' id='word_1_20' title='bbox 951 971 982 1030; x_wconf 87' lang='lat' dir='ltr'>in</span> <span class='ocrx_word' id='word_1_21' title='bbox 1005 970 1143 1047; x_wconf 91' lang='lat' dir='ltr'>sepulcro</span> <span class='ocrx_word' id='word_1_22' title='bbox 1164 980 1285 1050; x_wconf 89' lang='lat' dir='ltr'>septua-</span> 
     </span>
     <span class='ocr_line' id='line_1_4' title="bbox 180 1098 1284 1180; baseline -0.001 -21"><span class='ocrx_word' id='word_1_23' title='bbox 180 1100 394 1180; x_wconf 69' lang='lat' dir='ltr'>ginmuuabus</span> <span class='ocrx_word' id='word_1_24' title='bbox 419 1101 500 1161; x_wconf 89' lang='lat' dir='ltr'>horis</span> <span class='ocrx_word' id='word_1_25' title='bbox 523 1100 694 1179; x_wconf 90' lang='lat' dir='ltr'>completis;</span> <span class='ocrx_word' id='word_1_26' title='bbox 727 1110 798 1160; x_wconf 89' lang='lat' dir='ltr'>tuno</span> <span class='ocrx_word' id='word_1_27' title='bbox 822 1099 940 1178; x_wconf 84' lang='lat' dir='ltr'>phrasis</span> <span class='ocrx_word' id='word_1_28' title='bbox 963 1101 1049 1159; x_wconf 79' lang='lat' dir='ltr'>tertia</span> <span class='ocrx_word' id='word_1_29' title='bbox 1072 1098 1121 1158; x_wconf 73' lang='lat' dir='ltr'>die</span> <span class='ocrx_word' id='word_1_30' title='bbox 1144 1104 1284 1176; x_wconf 73' lang='lat' dir='ltr'>reaurqct,</span> 
     </span>
     <span class='ocr_line' id='line_1_5' title="bbox 181 1229 1283 1310; baseline 0 -20"><span class='ocrx_word' id='word_1_31' title='bbox 181 1240 286 1292; x_wconf 91' lang='lat' dir='ltr'>contra</span> <span class='ocrx_word' id='word_1_32' title='bbox 306 1251 449 1292; x_wconf 86' lang='lat' dir='ltr'>canonem</span> <span class='ocrx_word' id='word_1_33' title='bbox 472 1252 568 1310; x_wconf 83' lang='lat' dir='ltr'><strong>nuper</strong></span> <span class='ocrx_word' id='word_1_34' title='bbox 581 1230 758 1304; x_wconf 88' lang='lat' dir='ltr'>stabilitum,</span> <span class='ocrx_word' id='word_1_35' title='bbox 773 1245 848 1291; x_wconf 85' lang='lat' dir='ltr'>esset</span> <span class='ocrx_word' id='word_1_36' title='bbox 867 1230 1013 1291; x_wconf 86' lang='lat' dir='ltr'>sumenda</span> <span class='ocrx_word' id='word_1_37' title='bbox 1032 1250 1124 1309; x_wconf 87' lang='lat' dir='ltr'>supra</span> <span class='ocrx_word' id='word_1_38' title='bbox 1144 1229 1187 1304; x_wconf 91' lang='lat' dir='ltr'>id,</span> <span class='ocrx_word' id='word_1_39' title='bbox 1202 1230 1283 1309; x_wconf 89' lang='lat' dir='ltr'>quod</span> 
     </span>
     <span class='ocr_line' id='line_1_6' title="bbox 179 1358 1281 1439; baseline 0 -20"><span class='ocrx_word' id='word_1_40' title='bbox 179 1359 345 1439; x_wconf 85' lang='lat' dir='ltr'>significat3</span> <span class='ocrx_word' id='word_1_41' title='bbox 360 1369 389 1420; x_wconf 87' lang='lat' dir='ltr'>ot</span> <span class='ocrx_word' id='word_1_42' title='bbox 403 1360 460 1421; x_wconf 90' lang='lat' dir='ltr'>hoc</span> <span class='ocrx_word' id='word_1_43' title='bbox 474 1360 505 1419; x_wconf 92' lang='lat' dir='ltr'>in</span> <span class='ocrx_word' id='word_1_44' title='bbox 520 1369 646 1438; x_wconf 87' lang='lat' dir='ltr'>utroque</span> <span class='ocrx_word' id='word_1_45' title='bbox 660 1379 740 1432; x_wconf 90' lang='lat' dir='ltr'>casu,</span> <span class='ocrx_word' id='word_1_46' title='bbox 753 1359 817 1420; x_wconf 87' lang='lat' dir='ltr'>sive</span> <span class='ocrx_word' id='word_1_47' title='bbox 830 1359 943 1420; x_wconf 87' lang='lat' dir='ltr'>scilicet</span> <span class='ocrx_word' id='word_1_48' title='bbox 953 1360 1038 1418; x_wconf 80' lang='lat' dir='ltr'>tertio</span> <span class='ocrx_word' id='word_1_49' title='bbox 1051 1358 1099 1418; x_wconf 83' lang='lat' dir='ltr'>die</span> <span class='ocrx_word' id='word_1_50' title='bbox 1112 1359 1281 1438; x_wconf 79' lang='lat' dir='ltr'>accipiatur</span> 
     </span>
    </p>

    <p class='ocr_par' dir='ltr' id='par_1_3' title="bbox 103 1488 1282 1958">
     <span class='ocr_line' id='line_1_7' title="bbox 103 1488 1282 1570; baseline -0.005 -18"><span class='ocrx_word' id='word_1_51' title='bbox 103 1515 105 1518; x_wconf 65' lang='grc'>’</span> <span class='ocrx_word' id='word_1_52' title='bbox 179 1511 233 1570; x_wconf 88' lang='lat' dir='ltr'>pro</span> <span class='ocrx_word' id='word_1_53' title='bbox 254 1499 397 1569; x_wconf 87' lang='lat' dir='ltr'>tempore,</span> <span class='ocrx_word' id='word_1_54' title='bbox 411 1490 491 1569; x_wconf 93' lang='lat' dir='ltr'>quod</span> <span class='ocrx_word' id='word_1_55' title='bbox 510 1490 569 1551; x_wconf 87' lang='lat' dir='ltr'>fuit</span> <span class='ocrx_word' id='word_1_56' title='bbox 583 1510 602 1549; x_wconf 93' lang='lat' dir='ltr'>a</span> <span class='ocrx_word' id='word_1_57' title='bbox 618 1498 711 1550; x_wconf 81' lang='lat' dir='ltr'>morte</span> <span class='ocrx_word' id='word_1_58' title='bbox 725 1489 764 1549; x_wconf 90' lang='lat' dir='ltr'>ad</span> <span class='ocrx_word' id='word_1_59' title='bbox 785 1488 1039 1561; x_wconf 76' lang='lat' dir='ltr'>resurrectionem,</span> <span class='ocrx_word' id='word_1_60' title='bbox 1053 1488 1117 1548; x_wconf 82' lang='lat' dir='ltr'>sive</span> <span class='ocrx_word' id='word_1_61' title='bbox 1131 1507 1187 1566; x_wconf 93' lang='lat' dir='ltr'>pro</span> <span class='ocrx_word' id='word_1_62' title='bbox 1209 1497 1282 1548; x_wconf 86' lang='lat' dir='ltr'>tem·</span> 
     </span>
     <span class='ocr_line' id='line_1_8' title="bbox 179 1617 1280 1698; baseline -0.001 -20"><span class='ocrx_word' id='word_1_63' title='bbox 179 1638 251 1698; x_wconf 87' lang='lat' dir='ltr'>poro</span> <span class='ocrx_word' id='word_1_64' title='bbox 274 1618 442 1698; x_wconf 86' lang='lat' dir='ltr'>sepulturae.</span> <span class='ocrx_word' id='word_1_65' title='bbox 484 1619 608 1680; x_wconf 85' lang='lat' dir='ltr'>Etenim</span> <span class='ocrx_word' id='word_1_66' title='bbox 632 1619 664 1677; x_wconf 95' lang='lat' dir='ltr'>in</span> <span class='ocrx_word' id='word_1_67' title='bbox 688 1617 817 1679; x_wconf 87' lang='lat' dir='ltr'>secundo</span> <span class='ocrx_word' id='word_1_68' title='bbox 841 1638 921 1691; x_wconf 90' lang='lat' dir='ltr'>casu,</span> <span class='ocrx_word' id='word_1_69' title='bbox 945 1619 1031 1677; x_wconf 79' lang='lat' dir='ltr'>tertio</span> <span class='ocrx_word' id='word_1_70' title='bbox 1054 1617 1102 1678; x_wconf 83' lang='lat' dir='ltr'>die</span> <span class='ocrx_word' id='word_1_71' title='bbox 1126 1627 1202 1678; x_wconf 84' lang='lat' dir='ltr'>esset</span> <span class='ocrx_word' id='word_1_72' title='bbox 1226 1638 1280 1697; x_wconf 89' lang='lat' dir='ltr'>pro</span> 
     </span>
     <span class='ocr_line' id='line_1_9' title="bbox 180 1747 1281 1828; baseline 0 -20"><span class='ocrx_word' id='word_1_73' title='bbox 180 1758 288 1828; x_wconf 87' lang='lat' dir='ltr'>quarta</span> <span class='ocrx_word' id='word_1_74' title='bbox 303 1749 367 1822; x_wconf 91' lang='lat' dir='ltr'>die;</span> <span class='ocrx_word' id='word_1_75' title='bbox 388 1749 413 1809; x_wconf 94' lang='lat' dir='ltr'>si</span> <span class='ocrx_word' id='word_1_76' title='bbox 429 1749 553 1810; x_wconf 87' lang='lat' dir='ltr'>fuerunt</span> <span class='ocrx_word' id='word_1_77' title='bbox 574 1748 654 1809; x_wconf 91' lang='lat' dir='ltr'>enim</span> <span class='ocrx_word' id='word_1_78' title='bbox 676 1748 945 1828; x_wconf 67' lang='lat' dir='ltr'>septuaginmduae</span> <span class='ocrx_word' id='word_1_79' title='bbox 967 1747 1121 1828; x_wconf 81' lang='lat' dir='ltr'>completae</span> <span class='ocrx_word' id='word_1_80' title='bbox 1144 1748 1281 1809; x_wconf 80' lang='lat' dir='ltr'>horaese</span> 
     </span>
     <span class='ocr_line' id='line_1_10' title="bbox 180 1876 1280 1958; baseline 0.003 -21"><span class='ocrx_word' id='word_1_81' title='bbox 180 1876 309 1956; x_wconf 84' lang='lat' dir='ltr'>pulturae</span> <span class='ocrx_word' id='word_1_82' title='bbox 323 1876 445 1951; x_wconf 82' lang='lat' dir='ltr'>Christi,</span> <span class='ocrx_word' id='word_1_83' title='bbox 454 1878 529 1957; x_wconf 92' lang='lat' dir='ltr'>jam,</span> <span class='ocrx_word' id='word_1_84' title='bbox 538 1877 609 1939; x_wconf 86' lang='lat' dir='ltr'>licet</span> <span class='ocrx_word' id='word_1_85' title='bbox 620 1898 681 1938; x_wconf 93' lang='lat' dir='ltr'>uno</span> <span class='ocrx_word' id='word_1_86' title='bbox 692 1889 851 1951; x_wconf 88' lang='lat' dir='ltr'>momento,</span> <span class='ocrx_word' id='word_1_87' title='bbox 860 1887 969 1957; x_wconf 88' lang='lat' dir='ltr'>quarta</span> <span class='ocrx_word' id='word_1_88' title='bbox 983 1878 1045 1938; x_wconf 91' lang='lat' dir='ltr'>dies</span> <span class='ocrx_word' id='word_1_89' title='bbox 1059 1888 1124 1939; x_wconf 88' lang='lat' dir='ltr'>erat</span> <span class='ocrx_word' id='word_1_90' title='bbox 1138 1879 1280 1958; x_wconf 81' lang='lat' dir='ltr'>ingressa,</span> 
     </span>
    </p>

    <p class='ocr_par' dir='ltr' id='par_1_4' title="bbox 147 1985 1281 2480">
     <span class='ocr_line' id='line_1_11' title="bbox 147 1985 1281 2087; baseline 0.003 -20"><span class='ocrx_word' id='word_1_91' title='bbox 147 1985 149 1990; x_wconf 34' lang='grc'><strong>’</strong></span> <span class='ocrx_word' id='word_1_92' title='bbox 178 2007 432 2086; x_wconf 78' lang='lat' dir='ltr'>quemadmodum</span> <span class='ocrx_word' id='word_1_93' title='bbox 446 2016 639 2086; x_wconf 88' lang='lat' dir='ltr'>computatur</span> <span class='ocrx_word' id='word_1_94' title='bbox 651 2007 784 2086; x_wconf 79' lang='lat' dir='ltr'>ingressa</span> <span class='ocrx_word' id='word_1_95' title='bbox 798 2007 860 2068; x_wconf 75' lang='lat' dir='ltr'>dies</span> <span class='ocrx_word' id='word_1_96' title='bbox 873 2007 1019 2086; x_wconf 85' lang='lat' dir='ltr'>vigesima</span> <span class='ocrx_word' id='word_1_97' title='bbox 1036 2008 1143 2087; x_wconf 88' lang='lat' dir='ltr'>quinta</span> <span class='ocrx_word' id='word_1_98' title='bbox 1156 2009 1190 2068; x_wconf 92' lang='lat' dir='ltr'>in</span> <span class='ocrx_word' id='word_1_99' title='bbox 1205 2010 1281 2070; x_wconf 86' lang='lat' dir='ltr'>nati·</span> 
     </span>
     <span class='ocr_line' id='line_1_12' title="bbox 179 2135 1276 2217; baseline 0.003 -20"><span class='ocrx_word' id='word_1_100' title='bbox 179 2137 273 2197; x_wconf 90' lang='lat' dir='ltr'>vitate</span> <span class='ocrx_word' id='word_1_101' title='bbox 287 2135 409 2211; x_wconf 80' lang='lat' dir='ltr'>Christi,</span> <span class='ocrx_word' id='word_1_102' title='bbox 424 2137 494 2198; x_wconf 88' lang='lat' dir='ltr'>licet</span> <span class='ocrx_word' id='word_1_103' title='bbox 507 2137 651 2198; x_wconf 84' lang='lat' dir='ltr'>nativitas</span> <span class='ocrx_word' id='word_1_104' title='bbox 664 2138 730 2217; x_wconf 90' lang='lat' dir='ltr'>ipsa</span> <span class='ocrx_word' id='word_1_105' title='bbox 750 2147 881 2217; x_wconf 90' lang='lat' dir='ltr'>ponatur</span> <span class='ocrx_word' id='word_1_106' title='bbox 894 2138 926 2197; x_wconf 91' lang='lat' dir='ltr'>in</span> <span class='ocrx_word' id='word_1_107' title='bbox 941 2138 1040 2200; x_wconf 86' lang='lat' dir='ltr'>media</span> <span class='ocrx_word' id='word_1_108' title='bbox 1060 2148 1147 2201; x_wconf 88' lang='lat' dir='ltr'>nocte</span> <span class='ocrx_word' id='word_1_109' title='bbox 1160 2140 1276 2202; x_wconf 88' lang='lat' dir='ltr'>diemm</span> 
     </span>
     <span class='ocr_line' id='line_1_13' title="bbox 180 2265 1280 2344; baseline 0.004 -17"><span class='ocrx_word' id='word_1_110' title='bbox 180 2265 304 2329; x_wconf 88' lang='lat' dir='ltr'>XXIV.</span> <span class='ocrx_word' id='word_1_111' title='bbox 323 2277 353 2328; x_wconf 93' lang='lat' dir='ltr'>et</span> <span class='ocrx_word' id='word_1_112' title='bbox 375 2267 485 2329; x_wconf 86' lang='lat' dir='ltr'>XXV.</span> <span class='ocrx_word' id='word_1_113' title='bbox 505 2268 620 2329; x_wconf 88' lang='lat' dir='ltr'>mensis.</span> <span class='ocrx_word' id='word_1_114' title='bbox 662 2268 700 2327; x_wconf 95' lang='lat' dir='ltr'>In</span> <span class='ocrx_word' id='word_1_115' title='bbox 713 2267 811 2344; x_wconf 91' lang='lat' dir='ltr'>primo</span> <span class='ocrx_word' id='word_1_116' title='bbox 825 2277 926 2328; x_wconf 86' lang='lat' dir='ltr'>autem</span> <span class='ocrx_word' id='word_1_117' title='bbox 940 2289 1020 2342; x_wconf 83' lang='lat' dir='ltr'>casu,</span> <span class='ocrx_word' id='word_1_118' title='bbox 1034 2271 1120 2328; x_wconf 80' lang='lat' dir='ltr'>tertia</span> <span class='ocrx_word' id='word_1_119' title='bbox 1134 2269 1192 2343; x_wconf 77' lang='lat' dir='ltr'>dte,</span> <span class='ocrx_word' id='word_1_120' title='bbox 1207 2278 1280 2331; x_wconf 87' lang='lat' dir='ltr'>esset</span> 
     </span>
     <span class='ocr_line' id='line_1_14' title="bbox 179 2397 1278 2480; baseline 0.004 -23"><span class='ocrx_word' id='word_1_121' title='bbox 179 2419 232 2476; x_wconf 92' lang='lat' dir='ltr'>pro</span> <span class='ocrx_word' id='word_1_122' title='bbox 247 2399 349 2478; x_wconf 81' lang='lat' dir='ltr'>quinto</span> <span class='ocrx_word' id='word_1_123' title='bbox 363 2397 432 2469; x_wconf 72' lang='lat' dir='ltr'>die;</span> <span class='ocrx_word' id='word_1_124' title='bbox 447 2399 557 2459; x_wconf 87' lang='lat' dir='ltr'>etenim</span> <span class='ocrx_word' id='word_1_125' title='bbox 571 2408 678 2478; x_wconf 86' lang='lat' dir='ltr'>praetor</span> <span class='ocrx_word' id='word_1_126' title='bbox 692 2398 754 2458; x_wconf 90' lang='lat' dir='ltr'>dies</span> <span class='ocrx_word' id='word_1_127' title='bbox 768 2398 929 2478; x_wconf 85' lang='lat' dir='ltr'>sepulturae</span> <span class='ocrx_word' id='word_1_128' title='bbox 942 2398 1004 2478; x_wconf 91' lang='lat' dir='ltr'>qui,</span> <span class='ocrx_word' id='word_1_129' title='bbox 1018 2399 1063 2459; x_wconf 91' lang='lat' dir='ltr'>uti</span> <span class='ocrx_word' id='word_1_130' title='bbox 1079 2399 1145 2478; x_wconf 87' lang='lat' dir='ltr'>jam</span> <span class='ocrx_word' id='word_1_131' title='bbox 1155 2400 1222 2480; x_wconf 93' lang='lat' dir='ltr'>jam</span> <span class='ocrx_word' id='word_1_132' title='bbox 1237 2400 1278 2461; x_wconf 92' lang='lat' dir='ltr'>di·</span> 
     </span>
    </p>
   </div>
   <div class='ocr_carea' id='block_1_3' title="bbox 178 2527 1278 2610">
    <p class='ocr_par' dir='ltr' id='par_1_5' title="bbox 178 2527 1278 2610">
     <span class='ocr_line' id='line_1_15' title="bbox 178 2527 1278 2610; baseline 0.003 -21"><span class='ocrx_word' id='word_1_133' title='bbox 178 2527 292 2601; x_wconf 88' lang='lat' dir='ltr'>cebam,</span> <span class='ocrx_word' id='word_1_134' title='bbox 306 2528 430 2589; x_wconf 86' lang='lat' dir='ltr'>fuissent</span> <span class='ocrx_word' id='word_1_135' title='bbox 450 2537 588 2607; x_wconf 87' lang='lat' dir='ltr'>quatuor,</span> <span class='ocrx_word' id='word_1_136' title='bbox 609 2537 705 2589; x_wconf 91' lang='lat' dir='ltr'>essent</span> <span class='ocrx_word' id='word_1_137' title='bbox 725 2529 934 2608; x_wconf 82' lang='lat' dir='ltr'>computandae</span> <span class='ocrx_word' id='word_1_138' title='bbox 952 2529 1040 2603; x_wconf 86' lang='lat' dir='ltr'>horae,</span> <span class='ocrx_word' id='word_1_139' title='bbox 1062 2549 1128 2608; x_wconf 85' lang='lat' dir='ltr'>quae</span> <span class='ocrx_word' id='word_1_140' title='bbox 1148 2531 1278 2610; x_wconf 88' lang='lat' dir='ltr'>sepultu-</span> 
     </span>
    </p>
   </div>
   <div class='ocr_carea' id='block_1_4' title="bbox 177 2635 1276 2868">
    <p class='ocr_par' dir='ltr' id='par_1_6' title="bbox 177 2635 1276 2868">
     <span class='ocr_line' id='line_1_16' title="bbox 178 2635 1276 2739; baseline 0.001 -20"><span class='ocrx_word' id='word_1_141' title='bbox 178 2680 243 2719; x_wconf 87' lang='lat' dir='ltr'>ram</span> <span class='ocrx_word' id='word_1_142' title='bbox 257 2668 476 2739; x_wconf 83' lang='lat' dir='ltr'>praecesserunt,</span> <span class='ocrx_word' id='word_1_143' title='bbox 491 2678 615 2738; x_wconf 83' lang='lat' dir='ltr'>quaeque</span> <span class='ocrx_word' id='word_1_144' title='bbox 628 2659 791 2720; x_wconf 84' lang='lat' dir='ltr'>necessario</span> <span class='ocrx_word' id='word_1_145' title='bbox 806 2679 861 2738; x_wconf 88' lang='lat' dir='ltr'>pro</span> <span class='ocrx_word' id='word_1_146' title='bbox 875 2658 937 2719; x_wconf 90' lang='lat' dir='ltr'>alia</span> <span class='ocrx_word' id='word_1_147' title='bbox 950 2635 999 2719; x_wconf 84' lang='lat' dir='ltr'>die</span> <span class='ocrx_word' id='word_1_148' title='bbox 1013 2669 1109 2719; x_wconf 86' lang='lat' dir='ltr'>essent</span> <span class='ocrx_word' id='word_1_149' title='bbox 1122 2659 1276 2720; x_wconf 65' lang='lat' dir='ltr'>habenda,</span> 
     </span>
     <span class='ocr_line' id='line_1_17' title="bbox 177 2786 1274 2868; baseline 0 -19"><span class='ocrx_word' id='word_1_150' title='bbox 177 2789 229 2849; x_wconf 87' lang='lat' dir='ltr'>Ad</span> <span class='ocrx_word' id='word_1_151' title='bbox 243 2809 306 2849; x_wconf 88' lang='lat' dir='ltr'>rem</span> <span class='ocrx_word' id='word_1_152' title='bbox 323 2797 397 2849; x_wconf 86' lang='lat' dir='ltr'>esset</span> <span class='ocrx_word' id='word_1_153' title='bbox 410 2788 528 2849; x_wconf 82' lang='lat' dir='ltr'>forsan:</span> <span class='ocrx_word' id='word_1_154' title='bbox 550 2787 597 2848; x_wconf 81' lang='lat' dir='ltr'>Nc</span> <span class='ocrx_word' id='word_1_155' title='bbox 611 2786 683 2868; x_wconf 80' lang='lat' dir='ltr'>quid</span> <span class='ocrx_word' id='word_1_156' title='bbox 696 2787 805 2847; x_wconf 63' lang='lat' dir='ltr'>nimos!</span> <span class='ocrx_word' id='word_1_157' title='bbox 826 2787 877 2848; x_wconf 88' lang='lat' dir='ltr'>sed</span> <span class='ocrx_word' id='word_1_158' title='bbox 891 2787 1019 2866; x_wconf 81' lang='lat' dir='ltr'>gradum</span> <span class='ocrx_word' id='word_1_159' title='bbox 1034 2787 1113 2848; x_wconf 86' lang='lat' dir='ltr'>facio</span> <span class='ocrx_word' id='word_1_160' title='bbox 1127 2788 1167 2849; x_wconf 87' lang='lat' dir='ltr'>ad</span> <span class='ocrx_word' id='word_1_161' title='bbox 1182 2788 1274 2849; x_wconf 59' lang='lat' dir='ltr'>aliua</span> 
     </span>
    </p>
   </div>
   <div class='ocr_carea' id='block_1_5' title="bbox 0 0 1470 4860">
    <p class='ocr_par' dir='ltr' id='par_1_7' title="bbox 0 0 1470 4860">
     <span class='ocr_line' id='line_1_18' title="bbox 0 0 1470 4860; baseline 0 2"><span class='ocrx_word' id='word_1_162' title='bbox 0 0 1470 4860; x_wconf 95' lang='lat' dir='ltr'> </span> 
     </span>
    </p>
   </div>
  </div>
 </body>
</html>
