2932 4860
365 831 721 914 DISQUISH'IO
746 828 1247 898 ummo-mmm

790 1046 835 1088 DE

498 1221 682 1275 TEMPORE
699 1220 937 1275 SEPULTURAE
954 1218 1114 1273 CHRISTI.

637 1694 641 1705 '
713 1713 858 1776 mem
879 1713 905 1774 1.

639 1905 972 1965 ΕΞΗΓΗΤΙΚΟΝ.

773 2134 834 2207 51.

373 2349 592 2391 EXPENDI'I'UR
612 2348 840 2391 TESTIMONIUM
862 2349 954 2391 APUD
967 2348 1091 2391 MAu'ffl.
1106 2349 1167 2391 XII.
1182 2332 1230 2392 40.

250 2525 349 2586 “Siout
361 2500 425 2601 suit
449 2524 544 2585 Jonas
571 2526 604 2582 in
624 2530 720 2583 ventre
740 2525 793 2582 ceti
811 2522 903 2582 tribue
924 2522 1024 2582 diebus
1047 2529 1073 2581 et
1094 2521 1186 2581 tribus
1205 2522 1360 2584 noctibus:

187 2673 189 2676 ,
287 2624 328 2681 sie
342 2623 396 2681 evit
416 2621 515 2680 Filias
535 2619 659 2680 hominis
679 2623 713 2679 in
733 2620 818 2680 eorde
831 2627 914 2680 terrae
934 2620 1027 2680 tribus
1052 2619 1152 2680 diebus
1173 2627 1199 2679 et
1219 2620 1316 2681 tribus

714 2717 870 2777 noctibus.”

291 2929 522 2991 1‚-Conteudit
543 2929 724 2990 clarissimus
741 2928 880 3002 Wats0n‚
894 2929 989 2989 relato
1011 2928 1150 2989 Matthaei
1172 2929 1356 3003 testimonio,

250 3059 405 3119 Christum
430 3058 590 3137 praedicere
612 3058 782 3130 intendisse,
793 3057 895 3117 solidis
918 3058 1023 3118 diebus
1046 3058 1143 3118 tribus
1167 3057 1356 3137 totidemque

248 3190 386 3251 noctibus
394 3210 425 3250 se
436 3210 609 3250 mansurum
620 3189 652 3248 in
662 3188 814 3267 sepulcrm
825 3198 860 3248 ut
868 3189 943 3249 adeo
952 3189 1103 3268 integrum
1113 3188 1350 3268 praenuntiatum

248 3329 366 3398 tempus
379 3320 457 3379 foret
470 3318 803 3398 septuaginta-duarum
817 3319 969 3379 horarum,
992 3318 1061 3378 Hoc
1075 3318 1199 3378 fortasse
1211 3319 1235 3377 is
1250 3339 1353 3379 conce·

247 3448 330 3508 deret
341 3448 524 3522 adversario,
533 3448 585 3527 qui
596 3449 628 3507 in
641 3458 770 3509 mentem
779 3449 836 3509 sibi
848 3448 1003 3509 induceret
1015 3449 1062 3509 vel
1074 3449 1238 3522 Christum,
1249 3423 1353 3510 ellatis

247 3577 356 3651 verbis,
371 3579 432 3634 καθ’
443 3580 525 3652 αὐτὰ,
540 3588 657 3658 tempus
668 3579 822 3652 indicasse,
832 3600 890 3658 quo
901 3584 935 3640 in
948 3580 1032 3640 eorde
1042 3588 1125 3640 terroe
1138 3589 1203 3640 erat
1213 3580 1334 3641 futurus
1345 3604 1354 3652 ;

245 3707 293 3767 vel
308 3728 343 3767 ea
357 3707 497 3782 innuisse,
508 3728 576 3787 quae
588 3709 705 3769 nonnisi
716 3718 850 3787 tempore
864 3710 902 3769 ad
918 3710 1059 3770 amussim
1073 3709 1272 3770 determinato
1285 3731 1350 3789 pos-

246 3846 311 3896 sent
335 3845 478 3897 constare.
500 3835 630 3898 sienim
650 3839 781 3916 primum
804 3837 972 3900 alterumve
990 3837 1146 3910 obtineret,
1166 3838 1255 3898 facile
1276 3851 1352 3900 esset

244 3967 479 4041 admittendum,
493 3977 579 4028 notas
593 3969 735 4044 temporis
749 3967 862 4028 Christi
881 3968 981 4029 verbis
996 3978 1149 4029 contentas
1164 3969 1351 4030 strictissimo

1210 4100 1224 4156 1
