2932 4860
481 604 676 658 DISQUISITIO
696 606 981 651 cmulconmucs.

178 1116 295 1178 morum
310 1126 435 1178 mortem
455 1117 638 1198 oppetiisse.''
679 1118 836 1180 Hactenus
850 1119 993 1180 Bochart.
1034 1117 1164 1179 Accedit
1175 1126 1280 1177 aucto·

115 1294 117 1298 a
178 1245 251 1307 ritas
278 1244 458 1308 Tertulliani
486 1248 628 1310 adversus
652 1248 773 1310 Judeeos
799 1250 878 1328 (cap.
902 1249 990 1328 viii),
1009 1246 1062 1329 qui
1084 1248 1121 1309 de
1142 1259 1279 1327 tempore

179 1374 284 1435 mortis
297 1373 410 1435 Christi
427 1374 579 1450 disserens,
593 1376 714 1438 scribit:
758 1377 879 1438 “Passio
899 1377 1031 1458 perfecta
1052 1387 1095 1438 est
1108 1377 1158 1437 die
1179 1377 1279 1456 prima

178 1503 375 1584 Azymorum,
403 1525 462 1584 quo
489 1525 601 1584 agnum
629 1515 664 1566 ut
688 1506 856 1568 occiderent
883 1506 921 1566 ad
944 1522 1098 1585 vesperam
1115 1504 1191 1583 (qna
1215 1504 1279 1565 dies

179 1636 278 1715 prima
291 1635 479 1715 incipiebat),
493 1655 511 1696 a
526 1634 632 1714 Moyse
651 1635 750 1696 fuerat
763 1636 972 1715 praeceptum.”

677 1895 738 1957 111.

221 2156 448 2221 til-Veniunt
461 2178 541 2219 nuno
554 2157 707 2219 nonnullae
721 2157 992 2220 animadversiones
1005 2155 1158 2229 faciendae,
1167 2156 1281 2235 quibus

181 2297 211 2349 et
231 2289 380 2368 responsio
401 2297 503 2368 pateat
523 2288 760 2363 difficultatibus,
781 2309 847 2368 quae
873 2288 949 2350 forte
970 2298 1075 2349 contra
1095 2295 1280 2366 postremam

181 2417 398 2478 conclusionem
418 2418 533 2480 moveri
553 2426 679 2497 possent.
721 2417 825 2478 Prima
845 2417 1073 2479 animadversio.
1115 2410 1189 2476 Dies
1204 2414 1280 2478 XV.

181 2548 289 2608 mensis
303 2547 426 2608 Nisanis
439 2557 503 2610 erat
516 2549 615 2627 prima
628 2557 739 2627 septem
753 2547 870 2608 dierum
885 2547 1088 2627 Azymorum:
1109 2555 1212 2607 tamen
1223 2547 1281 2607 ini·

181 2677 258 2738 tium
273 2676 459 2740 abstinentiae
472 2677 610 2738 fermenti
620 2676 711 2738 fiebat
721 2697 842 2756 vespere
851 2676 912 2738 diei
925 2675 1028 2752 XIV„
1040 2677 1099 2738 Ex.
1112 2676 1179 2756 (xii.
1196 2677 1260 2755 18.)
1273 2701 1281 2738 z

78 2789 80 2793 Ι
181 2808 283 2869 Pramo
296 2829 398 2882 menae,
413 2807 628 2889 quumadecima
642 2807 690 2868 die
704 2810 810 2868 mensu
822 2807 863 2867 ed
875 2829 1029 2887 vesperum,
1043 2802 1191 2868 comedetis
1204 2807 1280 2888 Ary-

181 2959 237 3013 ma‚
251 2959 340 3018 uaqrac
353 2937 394 2998 od
407 2937 483 2999 diem
496 2939 660 3018 oiqesimeot
668 2939 799 3017 pomum
812 2936 939 3017 ejessdam
951 2940 1056 2998 manses
1069 2937 1110 2997 ed
1122 2955 1278 3017 semerom.

181 3055 266 3128 Hinc
280 3088 343 3129 mos
363 3067 582 3128 adnumerandi
603 3065 707 3128 diebus
728 3065 913 3147 Azymorum
935 3066 1013 3126 diem
1033 3087 1150 3146 quoqne
1170 3062 1255 3128 XIV
1255 3089 1281 3141 .;

181 3197 307 3277 proinde
320 3198 446 3285 ⁴diversa
462 3198 539 3259 ratio
553 3198 704 3276 loquendi,
718 3208 753 3258 ut
774 3198 863 3258 modo
882 3207 1003 3276 septem,
1017 3197 1106 3258 modo
1120 3206 1188 3258 octo
1202 3197 1280 3259 dice·

181 3337 285 3390 rentur
295 3329 428 3390 essedies
438 3327 633 3408 Azymo'rum.
655 3328 749 3408 Apud
760 3327 993 3408 Majemouidem
1007 3328 1133 3407 legitur:
1150 3328 1278 3405 “Quum

182 3458 309 3520 dicitur:
330 3458 428 3537 prima
449 3457 498 3518 die
517 3457 696 3518 fermentum
710 3456 823 3518 adibus
843 3456 948 3519 vestris
969 3455 1099 3537 ejicietis,
1113 3457 1278 3518 traditione

181 3588 331 3661 docemur,
345 3589 443 3667 prima
457 3587 506 3657 die
518 3586 648 3666 intelligi
669 3586 984 3665 decimamquartam.”
1026 3585 1075 3646 De
1087 3585 1234 3647 felmento
1248 3596 1279 3648 et

181 3719 300 3799 Azymo
314 3718 423 3780 scetii.
440 3717 502 3797 (ap.
517 3716 684 3796 Lightfoot,
695 3716 835 3777 Minister
848 3715 953 3796 templi
967 3736 1032 3796 cap.
1043 3714 1106 3789 xii,
1120 3725 1189 3777 sect.
1206 3717 1282 3794 11.).

181 3845 267 3909 Idem
281 3846 374 3908 habet
387 3847 534 3925 Josephus
548 3855 613 3907 tum
628 3845 693 3907 loco
707 3865 798 3925 supra
812 3845 912 3918 citato,
926 3853 990 3906 tum
1007 3842 1073 3922 (lib.
1089 3842 1132 3904 ΙΙ.
1144 3864 1211 3923 cap.
1226 3865 1280 3906 xv.

182 3977 272 4056 §th
293 3979 374 4034 Ὅθεν
395 3982 438 4041 εἰς
456 3984 561 4051 μνήμην
583 3983 634 4048 τῆς
655 3980 720 4031 τότε
744 3979 848 4039 ἐνδείας
869 3979 967 4050 ἑορτὴν
989 3974 1089 4050 ἄγομεν
1113 3972 1155 4047 ἐφ’
1170 3980 1280 4050 ἡμέρας
