2932 4860
543 605 739 658 Dmomsrrlo
760 606 1044 651 cltmcomnnlca

236 1110 281 1167 rio
295 1107 377 1169 niodo
390 1109 577 1169 sumendum.
619 1108 703 1188 Ergo
717 1110 875 1190 prophetia
888 1110 947 1171 fuit
961 1131 1042 1184 vera,
1057 1111 1128 1172 licet
1138 1132 1198 1173 non
1213 1111 1339 1193 integris

131 1226 135 1235 ’
239 1237 337 1298 tribus
358 1238 463 1299 diebus
484 1238 621 1301 Christus
641 1241 784 1301 manserit
798 1241 829 1300 in
843 1241 987 1320 sepulcro.
1029 1241 1145 1321 Repeto
1165 1251 1266 1304 autem
1282 1243 1341 1305 hoc

243 1371 311 1444 loci,
326 1392 392 1450 quae
401 1371 513 1432 ibidem
528 1371 690 1434 dictasunt
704 1381 768 1432 tum
783 1371 903 1444 directe,
918 1382 984 1432 tum
998 1371 1038 1432 ad
1051 1371 1193 1433 hminem
1206 1373 1239 1432 in
1249 1372 1349 1453 hypo·

236 1504 321 1576 thesi,
337 1503 416 1582 quod
430 1501 485 1563 illa
500 1502 593 1564 verba
606 1503 786 1582 respicerent
799 1512 916 1583 tempus
929 1503 1097 1582 sepulturae.

275 1632 530 1713 tid-Supersunt
550 1632 742 1694 difficultates
764 1632 842 1693 bina
865 1632 914 1695 hic
934 1631 1092 1706 solvendae,
1113 1652 1174 1693 non
1194 1641 1296 1692 tamen
1318 1652 1339 1692 a

236 1765 369 1825 Domino
384 1764 512 1825 Watson
527 1763 656 1843 objectae.
678 1764 783 1824 Prima
796 1773 858 1825 est:
873 1763 895 1826 J
896 1763 973 1824 udaei
987 1762 1069 1824 festis
1082 1761 1187 1823 diebus
1201 1761 1241 1822 ab
1255 1763 1340 1823 omni

233 1915 322 1972 opere
336 1904 398 1955 tam
419 1895 591 1974 scrupulose
611 1894 811 1968 abstinebant,
825 1905 860 1957 ut
880 1895 1022 1957 continua
1043 1894 1103 1956 duo
1117 1894 1194 1955 festa
1213 1893 1253 1954 ab
1274 1893 1338 1956 illis

233 2025 388 2087 observari
416 2047 476 2086 non
504 2036 623 2106 possent
649 2027 762 2106 absque
785 2027 874 2105 gravi
897 2027 1094 2088 incommodo.
1136 2026 1239 2089 Hodie
1264 2047 1340 2089 sane

232 2161 341 2220 festum
357 2160 544 2238 Azymorum
558 2161 732 2222 immediate
745 2170 816 2223 ante
828 2161 1005 2234 Sabbatum,
1021 2161 1068 2223 vel
1083 2161 1256 2223 immediate
1269 2172 1340 2241 post

232 2311 388 2369 nunquam
403 2299 533 2352 servant.
574 2290 646 2351 Non
660 2299 704 2352 est
724 2300 834 2364 tamen,
848 2291 929 2371 quod
950 2290 1016 2370 quis
1036 2299 1122 2370 putet
1142 2289 1210 2351 illos
1232 2300 1339 2369 aperte

233 2422 310 2501 Legi
331 2421 486 2500 refragari.
528 2421 610 2482 Nam
632 2421 749 2483 Pascha
773 2443 826 2483 suo
854 2432 987 2502 tempore
1014 2421 1175 2482 celebrant
1217 2420 1278 2482 Sed
1304 2421 1338 2481 in

235 2551 417 2612 calendariis
430 2552 492 2612 suis
513 2551 695 2614 Neomenias
717 2553 761 2613 ita
782 2552 954 2632 disponunt,
968 2561 1003 2613 ut
1016 2551 1083 2613 festi
1097 2552 1160 2612 dies
1180 2572 1250 2612 cum
1263 2550 1341 2614 Sab-

233 2682 304 2743 bato
319 2702 474 2762 nunquam
490 2684 624 2745 continui
638 2683 706 2745 sint.
748 2684 852 2761 Atque
872 2693 906 2744 ut
919 2684 1017 2746 vitent
1029 2683 1087 2744 hoc
1100 2667 1338 2756 incommodum,

109 2814 111 2819 ’
230 2834 357 2875 canones
370 2815 515 2893 quosdam
530 2815 644 2877 habent
663 2815 701 2877 de
714 2816 775 2877 suis
796 2816 887 2889 festis,
901 2835 975 2896 quos
998 2824 1138 2877 accurate
1159 2814 1332 2890 observant,

229 2944 319 3023 quale
332 2943 409 3004 illud
423 2945 462 3005 de
474 2945 636 3006 Paschate:
657 2962 719 3010 non
733 2946 778 3009 tin
792 2939 848 3008 >ab
864 2938 961 3020 chaph,
975 2945 1138 3026 Nunquam
1160 2944 1253 3006 Bada
1272 2945 1334 3006 Po·

221 3073 315 3134 scha:
337 3074 436 3148 idest,
451 3073 569 3136 Pascha
589 3094 745 3155 nunquam
766 3075 881 3136 incidat
894 3075 926 3135 in
939 3075 1110 3149 secundam,
1125 3084 1264 3155 quartam
1279 3086 1337 3138 aut

228 3213 347 3264 sextam
361 3204 477 3264 feriam.
498 3204 558 3265 Sed
572 3205 777 3284 respondetur,
791 3205 871 3284 quod
885 3205 917 3265 hi
932 3225 1059 3266 canones
1072 3205 1186 3266 Christi
1197 3214 1334 3285 tempore

231 3335 364 3394 nondum
380 3343 466 3394 erant
479 3334 511 3394 in
525 3354 589 3395 usu.
632 3334 717 3412 Quin
735 3333 907 3396 Talmudici
921 3334 1002 3408 libri,
1016 3334 1068 3414 qui
1082 3333 1188 3413 quinto
1209 3332 1332 3395 demum

234 3474 302 3542 post
322 3463 476 3524 Christum
497 3462 604 3524 saeculo
626 3462 756 3524 absoluti
776 3472 854 3538 sunt,
869 3462 979 3543 passim
1000 3463 1162 3543 meminere
1182 3461 1337 3537 festorum,

233 3614 299 3672 quae
313 3592 439 3654 Sabbata
460 3594 602 3654 continua
622 3602 700 3654 sunt.
741 3592 832 3655 Utin
853 3592 950 3655 Succa
972 3591 1128 3672 (cap.1.):
1150 3606 1216 3678 pne
1230 3605 1280 3654 :tn
1296 3609 1337 3656 nn

228 3717 341 3785 nnus&
357 3739 394 3811 p:
408 3714 492 3785 anab
506 3715 637 3810 panant,
658 3722 775 3783 Festum
795 3721 918 3784 Sabino
938 3723 1206 3802 conjuncionem
1221 3742 1331 3801 proce

228 3852 287 3924 dat,
300 3858 360 3932 ‘aut
379 3851 576 3931 subsequatur.
623 3850 666 3912 Et
686 3850 718 3909 in
739 3849 831 3912 Bctsa
853 3851 932 3930 (cap.
962 3851 1023 3929 1.):
1052 3844 1133 3914 unuh
1147 3843 1214 3913 bun
1227 3867 1277 3914 :tn
1293 3869 1332 3916 nu
