2932 4860
485 602 680 658 Draoursrrro
700 603 986 649 (tumeo-munus.
1085 671 1087 674 .

184 975 325 1054 3-12.):
347 977 388 1037 Et
401 997 528 1056 caracara
540 977 731 1038 circulorum
751 979 864 1038 tertiam
878 1024 886 1038 .
901 1024 909 1038 .
923 1024 931 1038 .
946 1025 953 1038 .
968 976 1080 1038 Iterum
1100 983 1198 1038 cuiun
1218 977 1291 1038 exiit

183 1107 259 1165 circa
279 1113 386 1167 matam
399 1113 425 1167 ct
438 1128 546 1168 ironam
559 1106 677 1168 imam.
693 1154 700 1169 .
715 1154 722 1168 .
738 1155 745 1168 .
766 1107 851 1170 Oirca
864 1107 1047 1168 undecimam
1060 1128 1125 1167 uero
1139 1107 1210 1168 exiit
1225 1153 1288 1168 ....

183 1233 231 1294 Hi
240 1235 387 1296 monimini
396 1257 458 1296 una
468 1235 540 1296 lora
546 1236 687 1314 secernat.
711 1235 783 1296 Nox
795 1236 952 1297 duodecim
963 1236 1106 1297 horarum
1121 1236 1290 1316 incipiebat

182 1363 222 1424 ab
236 1385 342 1425 occasu
356 1364 435 1438 solis,
448 1375 479 1426 et
492 1366 677 1444 perdurabat
692 1387 783 1444 usque
797 1366 835 1426 ad
851 1375 960 1428 ortum.
995 1367 1064 1429 Act.
1081 1366 1184 1445 (xxiii.
1200 1367 1266 1445 23.)
1278 1390 1286 1429 z

183 1493 212 1552 A
241 1495 328 1553 tertia
347 1492 420 1554 liora
440 1497 536 1556 nortia
578 1495 741 1575 Comperta
762 1517 807 1556 rea
827 1506 881 1570 est,
894 1506 1011 1558 noctem
1034 1499 1289 1577 comprehendere

182 1629 280 1682 totum
294 1632 412 1702 tempus
425 1622 581 1684 exclusum
596 1645 615 1684 a
628 1624 678 1684 die
691 1624 848 1685 duodecim
863 1625 1036 1686 horarum.''

222 1752 421 1814 61.-Relate
440 1754 480 1815 ad
500 1754 556 1815 hos
579 1775 715 1828 canonas,
734 1756 928 1836 notetur-a)
949 1758 1030 1836 quod
1050 1759 1287 1838 incongruenter

183 1881 262 1943 XII.
276 1882 358 1944 horae
371 1882 430 1944 diei
452 1884 601 1945 naturalis
623 1885 814 1964 appellentur
832 1886 904 1947 Dico
925 1894 979 1943 τῶν
1001 1885 1077 1950 XII.
1091 1887 1241 1964 imarum,
1255 1900 1287 1952 et

127 2100 129 2103 .
182 2012 261 2075 XII.
275 2014 356 2075 horne
377 2014 472 2076 noetis
492 2014 639 2076 naturalis
661 2015 852 2095 appellentur
872 2016 942 2078 Noa
962 2023 1016 2073 τῶν
1036 2017 1114 2078 XII.
1135 2017 1284 2080 tororum.

181 2143 314 2217 Etenim,
328 2165 421 2224 quum
435 2144 475 2206 sit
494 2165 590 2206 sermo
605 2147 642 2207 de
656 2145 705 2206 die
725 2146 870 2220 naturali,
883 2146 942 2221 hic,
957 2157 992 2208 ut
1011 2147 1091 2221 talis,
1105 2158 1220 2210 constet
1233 2170 1286 2212 ne-

181 2295 259 2336 casse
272 2284 316 2336 est
333 2273 456 2351 XXIV.
470 2274 552 2336 horis
574 2275 613 2336 ad
639 2296 732 2335 unum
756 2275 835 2336 diem
858 2276 1046 2337 efficiendum
1068 2276 1232 2350 ordinatis;
1253 2287 1285 2338 et

181 2403 308 2464 dicendo
323 2403 402 2464 diem
418 2401 493 2464 XII.
507 2403 652 2464 horarum
666 2412 696 2464 et
715 2414 833 2465 noctem
852 2402 929 2466 XII.
949 2405 1103 2479 horarum,
1112 2406 1179 2485 jam
1200 2427 1285 2485 sepa-

181 2522 288 2594 rantur
302 2533 383 2594 horae
403 2533 517 2594 diurnae
531 2554 550 2594 a
562 2535 726 2608 nocturnis,
740 2555 795 2595 nec
809 2534 939 2615 amplius
955 2535 1134 2597 ordinantur
1146 2536 1187 2596 ad
1201 2536 1284 2598 diem

182 2660 304 2724 XXIV.
326 2662 470 2722 horarum
491 2662 720 2738 efformandum,
741 2663 791 2724 sed
812 2663 927 2724 diurnae
948 2663 1121 2745 diriguntur
1140 2665 1181 2725 ad
1202 2665 1285 2727 diem

182 2791 258 2855 XII.
272 2792 426 2865 horarum,
438 2801 468 2853 et
477 2802 634 2884 'nocturnae
647 2793 686 2853 ad
701 2803 818 2853 noctem
833 2792 1071 2854 constituendam
1082 2795 1194 2874 pariter
1204 2792 1287 2858 XII.

180 2921 343 3000 horis-li)
365 2922 471 3002 Longe
491 2922 643 2984 diversum
665 2932 708 2984 eat
729 2922 829 2984 dicere
849 2923 910 2984 diac
930 2930 956 2984 ct
976 2945 1034 2985 oca
1055 2924 1104 2986 vel
1125 2945 1240 3004 camere
1257 2934 1286 2989 et

180 3075 266 3115 uacua
279 3053 536 3125 adiudicandum
557 3053 637 3114 diem
651 3052 830 3127 naturalem,
845 3053 883 3114 ab
898 3052 959 3114 alio
973 3053 1061 3114 modo
1074 3053 1194 3116 invecto
1208 3074 1229 3114 a
1244 3055 1285 3117 cl.

182 3185 372 3249 adversario:
387 3184 449 3246 dieo
462 3183 541 3245 XII.
555 3183 693 3244 mnarum
707 3190 733 3244 et
745 3204 802 3244 uon
816 3182 895 3244 XII.
910 3182 1055 3244 horarum.
1077 3182 1180 3243 Primo
1199 3185 1283 3245 enim

181 3314 270 3377 modo
282 3313 369 3375 nulla
382 3314 537 3375 inducitur
550 3313 669 3388 divisio,
677 3314 728 3374 sed
742 3323 899 3394 apparent,
912 3313 959 3375 uti
968 3334 1074 3374 revera
1086 3323 1165 3387 sunt,
1179 3325 1285 3394 partes

181 3444 392 3506 constituentes
405 3452 502 3505 totum
517 3442 658 3523 aliqn0d;
683 3442 755 3503 dum
776 3443 872 3504 altero
885 3443 975 3504 modo
988 3442 1125 3504 innuitur
1138 3442 1285 3523 indepen-

180 3574 282 3636 dentia
302 3573 405 3651 aliqua
418 3575 507 3634 unius
521 3573 560 3634 ab
575 3574 645 3648 alia,
659 3584 689 3636 et
703 3595 888 3654 unaquaeque
901 3575 1023 3637 videtur
1042 3583 1139 3636 totum
1153 3574 1282 3655 aliquod

180 3726 234 3786 per
246 3725 277 3766 ae
297 3705 553 3783 constituere—e)
575 3705 659 3766 aliud
680 3715 725 3766 est
737 3705 834 3766 solum
848 3705 981 3766 indicare
994 3705 1083 3766 horas
1097 3705 1233 3780 diurnas,
1249 3717 1286 3769 ut

179 3839 250 3900 fecit
263 3837 400 3899 Christus
421 3847 487 3900 tum
500 3837 619 3900 verbis:
640 3837 803 3899 Duodecim
815 3845 883 3898 aaut
896 3837 973 3899 horae
987 3838 1047 3899 diei
1054 3841 1071 3899 t
1090 3848 1155 3899 tum
1168 3861 1175 3900 ε
1190 3839 1285 3902 Horu

180 3974 273 4046 aaa,
286 3977 373 4044 aecta,
387 3968 637 4043 accomodacima
649 3968 735 4046 (loce.
744 3989 836 4047 supra
850 3966 938 4045 citt),
947 3979 977 4030 et
990 3968 1075 4030 aliud
1085 3989 1135 4030 eas
1144 3968 1285 4033 indicare
