2932 4860
182 571 220 630 33
481 587 676 640 nlsqulsrrro
697 587 981 631 carrrcoamnrcs.

181 829 264 888 corde
282 837 373 902 terre,
388 830 474 902 ratio,
489 850 543 889 cur
556 850 591 889 ea
615 840 741 908 nequeat
764 828 794 889 in
818 850 934 889 sensum
961 831 1086 907 sepulcri
1107 831 1232 903 assumi,
1247 832 1290 891 sit

181 958 327 1037 implicita
339 981 346 1033 ;
368 959 446 1018 hanc
469 959 546 1018 enim
573 958 611 1018 ob
636 979 769 1018 caussam
793 979 908 1020 necesse
930 959 990 1020 fuit
1011 979 1111 1038 supra,
1126 960 1288 1020 ostendere

181 1087 263 1166 prius
277 1109 324 1146 cor
338 1095 420 1147 terre
434 1089 602 1167 significare
622 1088 748 1147 medium
763 1097 854 1161 terra,
870 1090 997 1168 indeque
1018 1090 1128 1150 inferre
1141 1093 1176 1149 in
1197 1092 1287 1150 corde

181 1224 263 1277 terrra
278 1239 336 1277 non
353 1218 493 1277 denotare
504 1219 533 1276 in
545 1217 697 1296 sepulcro:
713 1220 743 1277 in
756 1218 851 1278 altera
863 1231 972 1291 antem,
985 1220 1125 1281 videlicet
1138 1223 1172 1280 in
1185 1221 1291 1303 medio,

180 1348 228 1408 vol
243 1350 276 1408 in
292 1353 360 1408 cina
382 1355 473 1422 terre,
488 1348 630 1426 praedicta
653 1350 729 1408 ratio
743 1349 884 1427 explicite
906 1350 1102 1421 exhibeatur;
1117 1351 1282 1411 dicendum

181 1479 259 1537 hanc
273 1479 437 1539 versionem
452 1479 495 1538 M.
512 1456 639 1539 Lutheii
654 1490 683 1540 ct
697 1480 858 1540 Ostervald
874 1480 945 1560 quin
962 1483 1160 1556 contradicat,
1174 1484 1283 1543 confir-

181 1626 262 1666 mare
276 1606 375 1684 potius
388 1607 634 1685 significationem
651 1609 752 1687 phrasi
766 1611 801 1668 in
814 1609 898 1669 corde
912 1617 994 1669 terrm
1007 1609 1249 1670 adscribendam.

222 1735 385 1796 18.-Jure
397 1737 499 1814 itaque
512 1747 556 1797 est
569 1738 619 1797 hic
633 1738 829 1807 inferendum,
846 1738 1011 1811 Christum,
1028 1738 1153 1800 laudata
1176 1740 1283 1819 phrasi

179 1868 213 1926 in
227 1868 310 1927 corde
324 1875 414 1941 terra,
428 1869 588 1928 intendisse
602 1868 729 1929 limbum
741 1893 748 1942 ;
763 1880 974 1949 consequenter
984 1870 1061 1930 notis
1072 1870 1164 1930 tribua
1178 1869 1285 1930 dicbus

180 2004 206 2054 et
219 1997 310 2056 tribuo
324 1997 451 2057 noctibus
464 1998 611 2057 indicasse
624 2008 750 2077 tempus,
765 2019 824 2077 quo
839 1998 901 2076 ipse
914 2009 979 2058 erat
994 2018 1152 2057 mansurus
1166 1999 1197 2057 in
1212 1997 1283 2057 lim·

67 2128 69 2132 ’
180 2127 236 2199 bo;
251 2128 409 2206 designant
418 2128 496 2188 enim
512 2130 620 2189 medem
637 2130 791 2191 evidenter
802 2139 927 2208 tempus,
938 2150 998 2208 quo
1009 2131 1070 2208 ipse
1082 2130 1203 2190 futurus
1213 2144 1284 2191 erat

179 2259 212 2316 in
225 2258 308 2318 corde
321 2267 411 2319 terre.
453 2258 491 2318 In
506 2258 633 2318 limbum
649 2270 748 2319 autom
764 2260 866 2318 anima
880 2258 993 2319 Christi
1008 2259 1160 2320 descendit
1174 2261 1280 2320 statim

180 2402 248 2448 aoa
269 2408 391 2466 corpore
411 2388 469 2448 fnit
489 2388 596 2462 soluta,
611 2390 667 2448 hoc
688 2409 819 2467 namque
839 2388 896 2448 sibi
917 2388 1024 2449 volunt
1047 2388 1142 2450 verba
1163 2388 1282 2451 Christi

181 2519 271 2596 (Luc.
286 2519 372 2578 xxiii,
387 2520 462 2592 43),
476 2519 584 2598 quibus
599 2519 746 2580 latronem
760 2519 819 2578 fuit
833 2519 1033 2597 adloquutus:
1056 2519 1156 2579 Hodie
1168 2540 1282 2580 mecum

180 2653 236 2710 orris
249 2652 283 2709 in
292 2650 453 2728 perediam
474 2650 576 2729 ibique
590 2651 755 2729 permansit
769 2651 867 2729 quoad
881 2671 973 2729 usque
984 2650 1155 2711 resurrexit.
1176 2651 1284 2730 Igitur

179 2789 257 2840 notae
279 2802 297 2840 a
318 2780 437 2841 Christo
461 2780 604 2841 adhibitae
624 2780 782 2859 designant
802 2789 900 2840 totum
921 2780 998 2840 illud
1013 2789 1139 2859 tempus,
1154 2782 1236 2860 quod
1263 2802 1284 2844 a

181 2920 276 2970 morte
289 2910 329 2969 ad
342 2910 586 2971 resurrectionem
607 2910 706 2982 fluxit,
721 2921 751 2971 et
764 2931 834 2983 non,
849 2922 883 2971 ut
905 2910 1058 2970 contendit
1078 2909 1283 2985 adversarius,

180 3052 297 3120 tempus
310 3041 479 3120 sepulturae.

691 3687 751 3757 III.

230 3958 512 4042 19.—Quamquam
534 3952 677 4022 hactenus
698 3969 882 4039 pertractata
896 3956 933 4019 de
952 3948 1169 4039 significatione
1190 3933 1281 4020 limbi

117 4117 119 4122 ·
148 4122 150 4125 ·
178 4095 278 4174 phrasi
291 4094 323 4153 in
334 4093 417 4154 corde
427 4099 510 4152 terra
521 4091 728 4163 adscribenda,
737 4089 826 4151 firma
836 4111 956 4170 prorsus
964 4091 1033 4163 siut,
1045 4097 1136 4167 atque
1145 4109 1202 4149 acu
1213 4109 1280 4150 rom

177 4231 315 4301 tangant,
335 4231 370 4282 ut
390 4221 514 4301 quisque
541 4221 578 4280 de
600 4219 682 4280 facili
705 4221 883 4298 persuadere
903 4218 960 4278 sibi
981 4210 1099 4296 poterit,
1114 4218 1138 4278 si
1160 4227 1280 4280 attenta
