2932 4860
483 575 678 628 nffioulfflrlo
699 575 983 621 cmrrconrnulcn.

182 969 240 1024 gua
256 948 425 1008 dicerentur
439 947 530 1008 variis
551 948 774 1008 characteribus
793 949 920 1028 scripta;
943 949 972 1008 id
994 959 1095 1010 autem
1118 951 1280 1028 praesertim

182 1081 260 1139 inter
281 1079 474 1150 Hebraicam,
490 1078 687 1138 Chaldaicam
709 1089 738 1139 ct
754 1078 909 1157 Syriacam
934 1080 1066 1140 inaximo
1086 1080 1183 1159 gradu
1206 1081 1281 1142 obti-

182 1221 254 1269 uct.
297 1209 379 1268 Hinc
394 1210 484 1281 litut,
500 1230 593 1287 quum
610 1209 656 1268 hac
679 1209 797 1287 linguae,
814 1210 867 1269 uti⁴
879 1230 958 1269 nuuc
980 1231 1029 1268 cas
1052 1210 1206 1282 habemus,
1222 1232 1280 1271 uon

183 1341 351 1419 possideant
365 1341 494 1419 amplius
504 1341 630 1418 singulae
644 1362 744 1401 ornnes
760 1341 873 1401 radices
889 1341 1057 1414 verborum,
1069 1362 1166 1420 neque
1180 1343 1280 1402 adhuc

181 1471 371 1530 existentium
398 1470 532 1530 radicum
557 1470 658 1530 omnia
683 1471 836 1541 derivata;
868 1491 929 1530 non
953 1471 1164 1550 infrequenter,
1191 1473 1279 1532 radix

181 1621 246 1677 quae
261 1600 291 1658 iu
310 1620 370 1659 una
384 1621 420 1659 cx
445 1600 524 1660 hisce
547 1600 656 1678 linguis
679 1599 874 1673 desideratur,
888 1601 1055 1679 reperiatur
1077 1603 1107 1659 in
1129 1601 1236 1674 altera,
1251 1613 1279 1662 et

180 1731 358 1810 significatio
373 1732 461 1791 unius
476 1731 592 1804 radicis,
607 1751 684 1809 quae
698 1751 757 1789 non
772 1730 864 1791 habet
878 1731 1015 1793 derivata
1035 1732 1065 1790 iu
1082 1753 1151 1804 una,
1167 1733 1280 1792 iuveni·

179 1863 250 1920 'atur
263 1861 293 1919 in
310 1861 445 1920 derivato
460 1860 583 1920 alterius
598 1859 716 1939 linguae,
731 1861 761 1919 in
784 1881 843 1938 qua
864 1869 965 1919 tamen
989 1860 1066 1920 desit
1088 1860 1150 1939 ejus
1172 1861 1279 1933 radix;

181 1991 251 2048 hinc
266 1991 421 2049 necessitas
442 1989 610 2049 conferendi
633 2008 682 2049 eas
702 1989 780 2049 inter
794 2010 832 2049 se.
875 1989 966 2065 Quod
990 2010 1059 2049 vero
1080 1990 1118 2048 ad
1142 1990 1278 2069 linguam

77 2118 79 2122 ’
181 2119 335 2196 Syriacam
351 2119 537 2198 praecaeteris
552 2120 733 2198 confugiam,
748 2131 777 2180 et
798 2121 860 2199 ejus
878 2141 933 2199 ope
947 2120 1053 2181 Graeca
1075 2121 1225 2182 vocabula
1240 2122 1278 2182 N.

182 2249 216 2308 Τ.
231 2248 382 2309 illustrare
397 2270 494 2321 coner,
509 2269 545 2308 ex
561 2260 653 2309 coest
668 2249 872 2328 repetendum,
886 2251 966 2329 quod
982 2251 1020 2311 N.
1036 2250 1069 2310 T.
1084 2251 1109 2310 si
1124 2251 1279 2312 indumen·

180 2390 255 2453 tum,
270 2390 303 2440 ut
318 2381 360 2440 ita
374 2380 482 2453 dicam,
497 2380 637 2459 excipias,
652 2381 732 2459 quod
748 2380 885 2441 Graecum
903 2381 1005 2460 utiquc
1019 2391 1071 2454 est,
1087 2381 1116 2440 id
1132 2381 1212 2461 quod
1225 2383 1277 2442 illo

180 2513 302 2591 tegitur,
316 2510 604 2589 Syro-Chaldaicum
619 2520 670 2571 est.
713 2511 796 2587 Quid
814 2533 885 2572 sane
907 2512 1036 2590 probant
1059 2512 1157 2572 lexica
1179 2512 1220 2572 N.
1235 2512 1277 2584 Τ.,

180 2645 210 2701 iu
226 2641 334 2720 quibus
347 2642 408 2701 fere
422 2641 563 2701 continuo
578 2641 608 2699 in
630 2607 779 2702 auxilium
794 2643 921 2702 veniunt
934 2653 964 2702 et
986 2643 1099 2720 lingua·
1110 2641 1236 2721 Syriaca
1250 2655 1279 2702 et

180 2772 255 2844 aliae,
270 2771 314 2830 uti
329 2771 431 2831 videre
444 2769 515 2829 licet
528 2770 558 2828 in
574 2768 627 2830 illo
642 2791 660 2829 a
674 2769 745 2830 Joh.
760 2770 893 2830 Frieder.
915 2770 1093 2831 Schleusner
1103 2770 1278 2832 illustrato?

181 2904 264 2980 Quid
280 2901 373 2973 aliud,
388 2902 443 2960 nisi
458 2901 538 2979 quod
558 2902 714 2973 contende,
729 2902 859 2979 probant
880 2901 1084 2980 grammaticae
1104 2899 1217 2960 Graecae
1239 2899 1277 2960 N.

181 3035 224 3106 Τ.,
241 3034 283 3094 uti
299 3046 342 3093 est
355 3033 409 3093 illa
423 3032 504 3092 edita
519 3054 536 3092 a
551 3032 599 3093 Jo.
615 3032 772 3093 Theodoro
787 3032 907 3105 Beclen,
920 3034 966 3092 cui
983 3043 1026 3092 cst
1042 3032 1146 3094 titulos
1176 3033 1277 3093 Grum-

180 3168 283 3223 rncticc
311 3163 472 3223 Graecitutt's
494 3162 632 3221 librorum
654 3161 732 3221 Novi
761 3162 953 3222 Testamenti!
993 3161 1050 3222 Sed
1069 3163 1159 3238 juvat
1173 3163 1277 3222 audire

179 3295 268 3374 quod,
283 3295 340 3353 hac
355 3294 392 3352 dc
407 3314 438 3351 re
453 3292 544 3351 habet
555 3291 729 3352 Ludovicus
743 3293 780 3352 de
792 3291 871 3351 Dicu
884 3293 915 3351 in
927 3292 1100 3377 praefatione
1110 3312 1170 3350 sure
1181 3313 1277 3369 gram·

181 3425 313 3484 maticae:
337 3422 493 3500 “Ipsarum
509 3421 673 3500 phrasium,
688 3422 795 3501 inquit,
811 3442 876 3500 quae
897 3421 1006 3500 passim
1023 3421 1051 3479 in
1068 3420 1157 3481 Novo
1178 3421 1278 3483 Testa-

179 3562 279 3612 mento
304 3559 495 3630 usurpantur,
520 3571 609 3610 verus
632 3570 733 3610 sensus
758 3549 811 3610 vix
836 3549 968 3621 aliunde,
982 3570 1072 3627 quarn
1096 3570 1134 3609 ex
1159 3550 1278 3630 Syriaco

179 3683 323 3763 petendus
347 3692 398 3742 est.
440 3681 578 3741 Phrasirn
608 3681 686 3741 euim
715 3680 981 3758 Evangelistarum
1006 3690 1036 3740 et
1060 3681 1275 3759 Apostolorum

184 3813 315 3874 &acam
339 3832 395 3871 case
416 3832 496 3870 uento
521 3810 636 3881 dicarat,
658 3820 687 3868 et
711 3808 829 3869 facilius
854 3809 1009 3888 Europaeis
1032 3809 1116 3882 foret,
1132 3809 1278 3884 Platonis,

181 3942 410 4021 Aristotelisque
434 3941 613 4020 elegantiam
638 3941 761 4013 imitari,
782 3961 872 4020 quam
899 3941 1020 4001 Platoni
1046 3940 1094 4000 vel
1120 3941 1277 4003 Aristoteli
