2932 4860
558 602 755 658 nlsomsmo
775 602 1059 646 camuomaucn.

256 1104 356 1184 empla
369 1105 549 1184 suppeditat.
572 1105 767 1167 Circumcisio
781 1114 951 1167 constanter
960 1106 1053 1186 juxta
1063 1104 1271 1184 praescriptum
1284 1104 1357 1184 legis

256 1234 400 1307 mosaicae,
414 1242 521 1295 octavo
541 1234 590 1295 die
610 1255 629 1295 a
650 1234 810 1296 nativitate
829 1234 1048 1313 peragebatur:
1066 1214 1131 1313 jam
1146 1253 1227 1307 vero,
1242 1234 1268 1295 si
1281 1254 1355 1313 puer

256 1376 345 1427 natus
359 1376 423 1426 erat
437 1366 494 1440 die,
505 1367 589 1446 cujus
603 1375 721 1427 tantum
735 1366 884 1427 semihora
893 1375 1049 1445 supererat
1062 1373 1132 1426 ante
1146 1385 1302 1445 vesperam
1317 1385 1357 1426 se

257 1494 390 1574 quentis;
412 1493 466 1554 illa
479 1494 629 1555 semihora
642 1492 812 1555 habebatur
826 1514 880 1574 pro
894 1493 1012 1572 integro
1026 1494 1083 1566 die,
1097 1513 1216 1572 unoque
1237 1513 1277 1554 ex
1291 1502 1357 1554 octo

256 1624 369 1686 diebus.
411 1624 481 1686 Hoc
495 1634 595 1685 autem
610 1625 653 1685 sic
666 1624 766 1699 fiebat,
781 1624 853 1704 quia
866 1623 889 1687 J
891 1625 966 1684 udaei
981 1625 1085 1704 ajunt:
1098 1666 1101 1673 ·
1114 1623 1188 1684 Dies
1209 1624 1358 1685 naturalis

256 1776 316 1816 non
338 1763 530 1835 computatur
549 1775 568 1815 a
588 1764 722 1834 tempore
742 1754 781 1815 ad
803 1764 929 1834 tempus,
944 1754 992 1816 vel
1017 1753 1056 1815 ab
1078 1754 1154 1815 hora
1175 1754 1215 1814 ad
1239 1755 1355 1816 horam.

255 1883 305 1946 Sic
327 1885 369 1962 (1.
392 1884 467 1963 Reg.
486 1883 583 1944 Hebr.
605 1883 634 1957 i,
654 1882 734 1944 Sam.
756 1905 810 1944 xx.
832 1883 874 1961 5.)
896 1883 970 1944 dicit
991 1882 1096 1944 David
1116 1882 1156 1944 ad
1180 1881 1358 1945 Jonathan:

163 2096 165 2099 ι
256 2013 329 2073 Ecce
342 2012 468 2073 colenda
488 2019 555 2072 aaut
568 2014 701 2086 mastico,
715 2026 741 2072 et
755 2033 805 2091 eqo
820 2034 854 2072 ec
870 2033 947 2073 more
959 2013 1057 2074 sedere
1075 2013 1147 2073 soleo
1159 2012 1251 2091 jueta
1263 1994 1361 2092 regem
1417 2047 1448 2057 -

256 2143 297 2202 cd
316 2143 501 2203 cerandum:
522 2142 632 2203 dimitte
645 2164 712 2223 erqo
732 2163 785 2217 me,
799 2149 832 2202 ut
845 2142 1013 2204 abacoador·
1025 2144 1060 2203 ia
1073 2163 1145 2222 cyre
1159 2163 1250 2223 mque
1263 2143 1305 2204 ed
1318 2165 1360 2204 cc

253 2293 367 2351 eperum
380 2272 441 2333 dici
454 2274 564 2345 tertioe;
578 2272 632 2334 ubi
642 2273 777 2352 adpellat
790 2294 935 2352 vesperam
948 2272 1009 2334 diei
1022 2274 1112 2334 tertia
1126 2272 1221 2348 illam,
1233 2294 1302 2352 quae
1316 2284 1361 2336 est
1413 2291 1419 2295 ·

254 2402 385 2463 secunda
398 2423 417 2462 a
431 2401 572 2463 calendis
602 2401 651 2463 Ita
661 2402 814 2464 Vatablus
828 2411 858 2464 et
872 2412 951 2464 recte
964 2403 1094 2482 quidem.
1125 2402 1263 2464 Oculatis
1276 2405 1357 2464 enim

254 2532 332 2594 inter
352 2555 383 2594 se
403 2533 557 2595 versiculis
573 2534 635 2612 (12.
661 2535 707 2595 18.
731 2535 777 2595 19.
802 2534 849 2596 34.
872 2534 964 2615 ejusd.
988 2534 1068 2614 cap.)
1084 2532 1249 2614 colligitur,
1263 2534 1369 2598 Jona-

254 2663 348 2737 tham,
363 2663 468 2724 audita
488 2663 703 2726 deliberatione
722 2664 860 2737 Davidis‚
874 2664 1077 2744 respondisse:
1119 2664 1151 2726 Si
1166 2673 1272 2745 potero
1294 2687 1366 2728 cras

255 2814 438 2874 cognoscere,
459 2795 608 2874 quomodo
629 2804 716 2875 pater
737 2815 819 2856 meus
840 2796 991 2857 animatus
1011 2805 1055 2858 est
1075 2817 1147 2876 erga
1167 2806 1206 2871 te,
1228 2808 1296 2859 cras
1317 2798 1357 2859 ad

254 2946 323 2987 eum
344 2925 442 2986 locum
464 2926 565 2999 adero,
580 2925 632 2986 ubi
652 2935 687 2987 tu
707 2947 737 2987 es
758 2925 957 2988 absconditus.
998 2926 1057 2988 Sed
1078 2927 1103 2988 si
1131 2947 1197 2989 cras
1221 2927 1299 2990 scire
1328 2929 1358 2989 id

253 3076 315 3116 non
336 3064 470 3133 potuero,
484 3075 606 3134 operam
628 3055 717 3128 dabo,
731 3064 766 3115 ut
785 3054 892 3116 saltem
906 3055 1046 3134 perendie
1059 3054 1160 3116 sciam.
1203 3055 1289 3136 Ergo
1307 3057 1356 3118 de·

253 3187 374 3248 scendes
388 3208 462 3260 cras,
477 3186 598 3266 quodsi
618 3207 684 3246 cras
698 3207 758 3246 non
773 3186 902 3260 veniam,
916 3186 1060 3247 descende
1074 3187 1166 3247 etiam
1183 3187 1355 3266 perendino,

254 3327 289 3379 ut
302 3337 490 3397 quocumque
502 3315 611 3378 horum
626 3316 755 3377 duorum
770 3315 887 3376 dierum
901 3336 955 3394 ego
969 3334 1088 3388 venero,
1103 3323 1136 3376 tu
1151 3314 1240 3375 adsis.
1263 3314 1355 3392 Quod

253 3455 306 3520 est,
324 3446 437 3507 Davidi
452 3466 537 3506 suam
552 3444 797 3506 deliberationem
819 3443 996 3523 proponenti
1010 3442 1152 3504 absentiae
1165 3462 1184 3502 a
1198 3443 1283 3522 regia
1305 3442 1355 3506 Jo-

255 3575 364 3636 nathas
378 3575 437 3636 ait:
475 3574 546 3637 Orus
563 3573 689 3634 calatdoe
702 3581 769 3635 suat
783 3581 809 3634 et
821 3573 985 3652 requireri.
1020 3571 1092 3633 Non
1105 3569 1201 3632 solum
1218 3548 1294 3646 cras,
1308 3571 1357 3633 sed

252 3715 284 3767 et
304 3703 460 3783 perendie:
481 3704 659 3783 Requiretur
679 3704 762 3764 sessio
780 3710 832 3763 tua
851 3723 940 3783 usque
956 3701 1106 3780 perendie.
1149 3700 1254 3762 David
1277 3721 1358 3781 ergo,

253 3855 346 3914 quum
371 3834 467 3895 dixit:
504 3832 596 3913 Usque
620 3832 660 3892 ad
683 3853 828 3912 uesperam
849 3832 910 3892 diei
929 3834 1027 3904 tertie,
1042 3830 1193 3892 intellexit
1215 3834 1275 3902 ὠψὲ
1298 3833 1356 3892 diei

253 3963 349 4026 tertiae
361 3962 532 4041 incipiendo
547 3983 565 4023 a
580 3962 637 4037 die,
648 3983 708 4042 quo
722 3962 865 4042 loquutus
876 3963 983 4037 fuerat,
994 3961 1143 4041 quodquae
1153 3961 1280 4041 proinde
1290 3972 1355 4024 erat
