<?xml version="1.0" encoding="UTF-8"?>
<!DOCTYPE html PUBLIC "-//W3C//DTD XHTML 1.0 Transitional//EN"
    "http://www.w3.org/TR/xhtml1/DTD/xhtml1-transitional.dtd">
<html xmlns="http://www.w3.org/1999/xhtml" xml:lang="en" lang="en">
 <head>
  <title>
</title>
<meta http-equiv="Content-Type" content="text/html;charset=utf-8" />
  <meta name='ocr-system' content='tesseract 3.04.00' />
  <meta name='ocr-capabilities' content='ocr_page ocr_carea ocr_par ocr_line ocrx_word'/>
</head>
<body>
  <div class='ocr_page' id='page_1' title='image "./disquisitiocrit00jovigoog_0179.png"; bbox 0 0 2932 4860; ppageno 0'>
   <div class='ocr_carea' id='block_1_1' title="bbox 485 551 1068 637">
    <p class='ocr_par' dir='ltr' id='par_1_1' title="bbox 485 551 1068 637">
     <span class='ocr_line' id='line_1_1' title="bbox 485 551 1068 637; baseline 0.002 -13"><span class='ocrx_word' id='word_1_1' title='bbox 485 582 679 637; x_wconf 76' lang='lat' dir='ltr'>precursrrro</span> <span class='ocrx_word' id='word_1_2' title='bbox 699 582 984 626; x_wconf 76' lang='lat' dir='ltr'>csrrrcomenrcn.</span> <span class='ocrx_word' id='word_1_3' title='bbox 1066 551 1068 555; x_wconf 38' lang='lat'><strong><em>¹</em></strong></span> 
     </span>
    </p>
   </div>
   <div class='ocr_carea' id='block_1_2' title="bbox 162 1217 1292 2598">
    <p class='ocr_par' dir='ltr' id='par_1_2' title="bbox 162 1217 1292 2598">
     <span class='ocr_line' id='line_1_2' title="bbox 181 1217 1292 1297; baseline -0.001 -18"><span class='ocrx_word' id='word_1_4' title='bbox 181 1226 303 1279; x_wconf 81' lang='lat' dir='ltr'>cautum</span> <span class='ocrx_word' id='word_1_5' title='bbox 318 1227 391 1290; x_wconf 86' lang='lat' dir='ltr'>erat,</span> <span class='ocrx_word' id='word_1_6' title='bbox 406 1218 563 1297; x_wconf 88' lang='lat' dir='ltr'><strong>quominus</strong></span> <span class='ocrx_word' id='word_1_7' title='bbox 579 1218 696 1297; x_wconf 82' lang='lat' dir='ltr'>judicia</span> <span class='ocrx_word' id='word_1_8' title='bbox 716 1217 821 1279; x_wconf 89' lang='lat' dir='ltr'>fierent</span> <span class='ocrx_word' id='word_1_9' title='bbox 841 1217 983 1291; x_wconf 79' lang='lat' dir='ltr'>Sabbato,</span> <span class='ocrx_word' id='word_1_10' title='bbox 998 1217 1046 1278; x_wconf 87' lang='lat' dir='ltr'>vel</span> <span class='ocrx_word' id='word_1_11' title='bbox 1061 1218 1167 1278; x_wconf 87' lang='lat' dir='ltr'>diebus</span> <span class='ocrx_word' id='word_1_12' title='bbox 1189 1218 1292 1278; x_wconf 73' lang='lat' dir='ltr'>festio.</span> 
     </span>
     <span class='ocr_line' id='line_1_3' title="bbox 181 1347 1287 1428; baseline -0.002 -20"><span class='ocrx_word' id='word_1_13' title='bbox 181 1349 258 1426; x_wconf 73' lang='lat' dir='ltr'>Quae</span> <span class='ocrx_word' id='word_1_14' title='bbox 271 1349 350 1409; x_wconf 90' lang='lat' dir='ltr'>enim</span> <span class='ocrx_word' id='word_1_15' title='bbox 371 1347 504 1410; x_wconf 83' lang='lat' dir='ltr'>Sabbato</span> <span class='ocrx_word' id='word_1_16' title='bbox 519 1369 607 1428; x_wconf 85' lang='lat' dir='ltr'>agere</span> <span class='ocrx_word' id='word_1_17' title='bbox 628 1349 798 1422; x_wconf 74' lang='lat' dir='ltr'>misserat,</span> <span class='ocrx_word' id='word_1_18' title='bbox 813 1349 914 1409; x_wconf 86' lang='lat' dir='ltr'>omnia</span> <span class='ocrx_word' id='word_1_19' title='bbox 935 1358 1110 1409; x_wconf 84' lang='lat' dir='ltr'>enumerata</span> <span class='ocrx_word' id='word_1_20' title='bbox 1131 1348 1287 1426; x_wconf 89' lang='lat' dir='ltr'>reperiun-</span> 
     </span>
     <span class='ocr_line' id='line_1_4' title="bbox 182 1479 1284 1559; baseline -0.001 -18"><span class='ocrx_word' id='word_1_21' title='bbox 182 1482 276 1541; x_wconf 91' lang='lat' dir='ltr'>turin</span> <span class='ocrx_word' id='word_1_22' title='bbox 292 1480 431 1541; x_wconf 82' lang='lat' dir='ltr'>Mischna</span> <span class='ocrx_word' id='word_1_23' title='bbox 445 1480 467 1542; x_wconf 85' lang='lat' dir='ltr'>J</span> <span class='ocrx_word' id='word_1_24' title='bbox 468 1501 525 1542; x_wconf 92' lang='lat' dir='ltr'>om.</span> <span class='ocrx_word' id='word_1_25' title='bbox 540 1480 614 1542; x_wconf 87' lang='lat' dir='ltr'>Tob.</span> <span class='ocrx_word' id='word_1_26' title='bbox 627 1482 706 1559; x_wconf 84' lang='lat' dir='ltr'>(cap.</span> <span class='ocrx_word' id='word_1_27' title='bbox 718 1502 747 1541; x_wconf 90' lang='lat' dir='ltr'>v.</span> <span class='ocrx_word' id='word_1_28' title='bbox 762 1479 777 1552; x_wconf 69' lang='grc' dir='ltr'><strong>ξ</strong></span> <span class='ocrx_word' id='word_1_29' title='bbox 793 1481 834 1558; x_wconf 82' lang='grc'>2.)</span> <span class='ocrx_word' id='word_1_30' title='bbox 848 1481 926 1541; x_wconf 91' lang='lat' dir='ltr'>inter</span> <span class='ocrx_word' id='word_1_31' title='bbox 940 1501 1006 1559; x_wconf 82' lang='lat' dir='ltr'>quse</span> <span class='ocrx_word' id='word_1_32' title='bbox 1019 1479 1105 1540; x_wconf 84' lang='lat' dir='ltr'>nulla</span> <span class='ocrx_word' id='word_1_33' title='bbox 1118 1480 1154 1540; x_wconf 88' lang='lat' dir='ltr'>fit</span> <span class='ocrx_word' id='word_1_34' title='bbox 1169 1481 1284 1540; x_wconf 91' lang='lat' dir='ltr'>mentio</span> 
     </span>
     <span class='ocr_line' id='line_1_5' title="bbox 175 1610 1284 1690; baseline -0.001 -19"><span class='ocrx_word' id='word_1_35' title='bbox 175 1611 368 1690; x_wconf 87' lang='lat' dir='ltr'>judiciorum.</span> <span class='ocrx_word' id='word_1_36' title='bbox 410 1611 556 1672; x_wconf 78' lang='lat' dir='ltr'>Similiter</span> <span class='ocrx_word' id='word_1_37' title='bbox 569 1632 635 1690; x_wconf 85' lang='lat' dir='ltr'>quae</span> <span class='ocrx_word' id='word_1_38' title='bbox 649 1631 702 1672; x_wconf 89' lang='lat' dir='ltr'>nec</span> <span class='ocrx_word' id='word_1_39' title='bbox 723 1610 863 1672; x_wconf 72' lang='lat' dir='ltr'>sabbatis</span> <span class='ocrx_word' id='word_1_40' title='bbox 885 1632 939 1672; x_wconf 90' lang='lat' dir='ltr'>nec</span> <span class='ocrx_word' id='word_1_41' title='bbox 961 1610 1066 1670; x_wconf 90' lang='lat' dir='ltr'>diebus</span> <span class='ocrx_word' id='word_1_42' title='bbox 1089 1610 1171 1671; x_wconf 75' lang='lat' dir='ltr'>festis</span> <span class='ocrx_word' id='word_1_43' title='bbox 1193 1629 1284 1689; x_wconf 85' lang='lat' dir='ltr'>agere</span> 
     </span>
     <span class='ocr_line' id='line_1_6' title="bbox 179 1740 1286 1821; baseline -0.001 -21"><span class='ocrx_word' id='word_1_44' title='bbox 179 1742 225 1802; x_wconf 82' lang='lat' dir='ltr'>fas</span> <span class='ocrx_word' id='word_1_45' title='bbox 239 1749 313 1815; x_wconf 84' lang='lat' dir='ltr'>emt,</span> <span class='ocrx_word' id='word_1_46' title='bbox 327 1742 358 1801; x_wconf 93' lang='lat' dir='ltr'>in</span> <span class='ocrx_word' id='word_1_47' title='bbox 373 1741 514 1802; x_wconf 83' lang='lat' dir='ltr'>Mischna</span> <span class='ocrx_word' id='word_1_48' title='bbox 527 1740 655 1802; x_wconf 85' lang='lat' dir='ltr'>Schcbb.</span> <span class='ocrx_word' id='word_1_49' title='bbox 669 1742 769 1821; x_wconf 85' lang='lat' dir='ltr'>(capp.</span> <span class='ocrx_word' id='word_1_50' title='bbox 782 1742 800 1802; x_wconf 94' lang='lat' dir='ltr'>i.</span> <span class='ocrx_word' id='word_1_51' title='bbox 815 1752 845 1802; x_wconf 91' lang='lat' dir='ltr'>et</span> <span class='ocrx_word' id='word_1_52' title='bbox 858 1741 952 1821; x_wconf 84' lang='lat' dir='ltr'><strong>seqq.)</strong></span> <span class='ocrx_word' id='word_1_53' title='bbox 968 1741 1153 1801; x_wconf 89' lang='lat' dir='ltr'>reducuntur</span> <span class='ocrx_word' id='word_1_54' title='bbox 1168 1740 1208 1800; x_wconf 86' lang='lat' dir='ltr'>ad</span> <span class='ocrx_word' id='word_1_55' title='bbox 1224 1740 1286 1800; x_wconf 84' lang='lat' dir='ltr'>tria</span> 
     </span>
     <span class='ocr_line' id='line_1_7' title="bbox 179 1869 1286 1949; baseline 0 -19"><span class='ocrx_word' id='word_1_56' title='bbox 179 1890 304 1949; x_wconf 76' lang='lat' dir='ltr'>generc3</span> <span class='ocrx_word' id='word_1_57' title='bbox 326 1870 461 1946; x_wconf 83' lang='lat' dir='ltr'>quaedam</span> <span class='ocrx_word' id='word_1_58' title='bbox 491 1870 728 1949; x_wconf 82' lang='lat' dir='ltr'>prohibebantur</span> <span class='ocrx_word' id='word_1_59' title='bbox 757 1888 819 1934; x_wconf 71' lang='lat' dir='ltr'>nrm</span> <span class='ocrx_word' id='word_1_60' title='bbox 834 1889 907 1934; x_wconf 76' lang='lat' dir='ltr'>niun</span> <span class='ocrx_word' id='word_1_61' title='bbox 935 1870 1017 1930; x_wconf 83' lang='lat' dir='ltr'>titulo</span> <span class='ocrx_word' id='word_1_62' title='bbox 1045 1869 1175 1941; x_wconf 81' lang='lat' dir='ltr'>Sabbati,</span> <span class='ocrx_word' id='word_1_63' title='bbox 1203 1869 1235 1929; x_wconf 91' lang='lat' dir='ltr'>h.</span> <span class='ocrx_word' id='word_1_64' title='bbox 1258 1890 1286 1930; x_wconf 88' lang='lat' dir='ltr'>e.</span> 
     </span>
     <span class='ocr_line' id='line_1_8' title="bbox 162 1999 1282 2092; baseline 0 -32"><span class='ocrx_word' id='word_1_65' title='bbox 162 1999 310 2092; x_wconf 55' lang='lat' dir='ltr'>¹qn&#39;ietis3</span> <span class='ocrx_word' id='word_1_66' title='bbox 344 1999 406 2060; x_wconf 82' lang='lat' dir='ltr'>alia</span> <span class='ocrx_word' id='word_1_67' title='bbox 433 2007 483 2064; x_wconf 73' lang='lat' dir='ltr'>ror</span> <span class='ocrx_word' id='word_1_68' title='bbox 504 2019 578 2065; x_wconf 79' lang='lat' dir='ltr'>nmo</span> <span class='ocrx_word' id='word_1_69' title='bbox 607 2001 688 2061; x_wconf 68' lang='lat' dir='ltr'>tuido</span> <span class='ocrx_word' id='word_1_70' title='bbox 711 2002 873 2079; x_wconf 77' lang='lat' dir='ltr'>praeccptc&#39;;</span> <span class='ocrx_word' id='word_1_71' title='bbox 907 2000 969 2061; x_wconf 82' lang='lat' dir='ltr'>alia</span> <span class='ocrx_word' id='word_1_72' title='bbox 1004 2015 1076 2063; x_wconf 67' lang='lat' dir='ltr'>mni</span> <span class='ocrx_word' id='word_1_73' title='bbox 1093 2016 1166 2062; x_wconf 78' lang='lat' dir='ltr'>orno</span> <span class='ocrx_word' id='word_1_74' title='bbox 1195 2000 1282 2060; x_wconf 78' lang='lat' dir='ltr'>titulo</span> 
     </span>
     <span class='ocr_line' id='line_1_9' title="bbox 183 2129 1285 2209; baseline 0 -20"><span class='ocrx_word' id='word_1_75' title='bbox 183 2129 342 2208; x_wconf 73' lang='lat' dir='ltr'>facultatis,</span> <span class='ocrx_word' id='word_1_76' title='bbox 363 2131 392 2190; x_wconf 91' lang='lat' dir='ltr'>h.</span> <span class='ocrx_word' id='word_1_77' title='bbox 416 2151 439 2190; x_wconf 92' lang='lat' dir='ltr'>e.</span> <span class='ocrx_word' id='word_1_78' title='bbox 467 2132 511 2191; x_wconf 88' lang='lat' dir='ltr'>uti</span> <span class='ocrx_word' id='word_1_79' title='bbox 535 2129 668 2209; x_wconf 84' lang='lat' dir='ltr'>explicat</span> <span class='ocrx_word' id='word_1_80' title='bbox 690 2131 752 2208; x_wconf 87' lang='lat' dir='ltr'>ipse</span> <span class='ocrx_word' id='word_1_81' title='bbox 774 2129 976 2191; x_wconf 77' lang='lat' dir='ltr'>Muimonides</span> <span class='ocrx_word' id='word_1_82' title='bbox 997 2130 1029 2189; x_wconf 92' lang='lat' dir='ltr'>in</span> <span class='ocrx_word' id='word_1_83' title='bbox 1052 2129 1192 2190; x_wconf 87' lang='lat' dir='ltr'>Mischna</span> <span class='ocrx_word' id='word_1_84' title='bbox 1210 2129 1285 2206; x_wconf 91' lang='lat' dir='ltr'>(loc.</span> 
     </span>
     <span class='ocr_line' id='line_1_10' title="bbox 180 2259 1286 2346; baseline -0.003 -25"><span class='ocrx_word' id='word_1_85' title='bbox 180 2260 244 2337; x_wconf 79' lang='lat' dir='ltr'>cit.)</span> <span class='ocrx_word' id='word_1_86' title='bbox 259 2281 324 2340; x_wconf 89' lang='lat' dir='ltr'>quae</span> <span class='ocrx_word' id='word_1_87' title='bbox 342 2261 447 2321; x_wconf 90' lang='lat' dir='ltr'>diebus</span> <span class='ocrx_word' id='word_1_88' title='bbox 470 2261 558 2334; x_wconf 87' lang='lat' dir='ltr'>festis,</span> <span class='ocrx_word' id='word_1_89' title='bbox 574 2261 600 2320; x_wconf 89' lang='lat' dir='ltr'>ei</span> <span class='ocrx_word' id='word_1_90' title='bbox 614 2260 711 2320; x_wconf 87' lang='lat' dir='ltr'>solum</span> <span class='ocrx_word' id='word_1_91' title='bbox 726 2279 786 2320; x_wconf 93' lang='lat' dir='ltr'>non</span> <span class='ocrx_word' id='word_1_92' title='bbox 800 2259 910 2346; x_wconf 74' lang='lat' dir='ltr'>licebpt</span> <span class='ocrx_word' id='word_1_93' title='bbox 933 2279 1030 2338; x_wconf 85' lang='lat' dir='ltr'>agere,</span> <span class='ocrx_word' id='word_1_94' title='bbox 1045 2259 1098 2338; x_wconf 92' lang='lat' dir='ltr'>qui</span> <span class='ocrx_word' id='word_1_95' title='bbox 1120 2278 1158 2318; x_wconf 85' lang='lat' dir='ltr'>ex</span> <span class='ocrx_word' id='word_1_96' title='bbox 1179 2278 1286 2318; x_wconf 90' lang='lat' dir='ltr'>rerum</span> 
     </span>
     <span class='ocr_line' id='line_1_11' title="bbox 181 2387 1285 2471; baseline -0.002 -21"><span class='ocrx_word' id='word_1_97' title='bbox 181 2390 329 2471; x_wconf 83' lang='lat' dir='ltr'>adjunctis</span> <span class='ocrx_word' id='word_1_98' title='bbox 343 2400 529 2469; x_wconf 88' lang='lat' dir='ltr'>compertum</span> <span class='ocrx_word' id='word_1_99' title='bbox 544 2390 667 2451; x_wconf 83' lang='lat' dir='ltr'>haberet</span> <span class='ocrx_word' id='word_1_100' title='bbox 680 2410 710 2450; x_wconf 90' lang='lat' dir='ltr'>se</span> <span class='ocrx_word' id='word_1_101' title='bbox 724 2389 763 2450; x_wconf 85' lang='lat' dir='ltr'>ad</span> <span class='ocrx_word' id='word_1_102' title='bbox 777 2408 813 2449; x_wconf 83' lang='lat' dir='ltr'>ea</span> <span class='ocrx_word' id='word_1_103' title='bbox 834 2389 1003 2468; x_wconf 77' lang='lat' dir='ltr'>praestenda</span> <span class='ocrx_word' id='word_1_104' title='bbox 1016 2409 1076 2449; x_wconf 90' lang='lat' dir='ltr'>non</span> <span class='ocrx_word' id='word_1_105' title='bbox 1095 2388 1190 2448; x_wconf 89' lang='lat' dir='ltr'>teneri</span> <span class='ocrx_word' id='word_1_106' title='bbox 1206 2387 1285 2466; x_wconf 83' lang='lat' dir='ltr'>lege,</span> 
     </span>
     <span class='ocr_line' id='line_1_12' title="bbox 183 2516 1288 2598; baseline -0.003 -18"><span class='ocrx_word' id='word_1_107' title='bbox 183 2540 249 2598; x_wconf 84' lang='lat' dir='ltr'>quae</span> <span class='ocrx_word' id='word_1_108' title='bbox 269 2520 306 2580; x_wconf 91' lang='lat' dir='ltr'>de</span> <span class='ocrx_word' id='word_1_109' title='bbox 326 2519 387 2580; x_wconf 89' lang='lat' dir='ltr'>illis</span> <span class='ocrx_word' id='word_1_110' title='bbox 407 2520 471 2580; x_wconf 82' lang='lat' dir='ltr'>lata</span> <span class='ocrx_word' id='word_1_111' title='bbox 491 2529 564 2580; x_wconf 83' lang='lat' dir='ltr'>erat.</span> <span class='ocrx_word' id='word_1_112' title='bbox 606 2518 666 2579; x_wconf 87' lang='lat' dir='ltr'>Ex.</span> <span class='ocrx_word' id='word_1_113' title='bbox 687 2539 731 2596; x_wconf 85' lang='lat' dir='ltr'>gr.</span> <span class='ocrx_word' id='word_1_114' title='bbox 759 2516 896 2578; x_wconf 83' lang='lat' dir='ltr'>Viduam</span> <span class='ocrx_word' id='word_1_115' title='bbox 923 2518 982 2578; x_wconf 89' lang='lat' dir='ltr'>viri</span> <span class='ocrx_word' id='word_1_116' title='bbox 1010 2517 1145 2578; x_wconf 83' lang='lat' dir='ltr'>defuncti</span> <span class='ocrx_word' id='word_1_117' title='bbox 1174 2516 1288 2577; x_wconf 91' lang='lat' dir='ltr'>ducere</span> 
     </span>
    </p>
   </div>
   <div class='ocr_carea' id='block_1_3' title="bbox 181 2647 1286 2731">
    <p class='ocr_par' dir='ltr' id='par_1_3' title="bbox 181 2647 1286 2731">
     <span class='ocr_line' id='line_1_13' title="bbox 181 2647 1286 2731; baseline -0.006 -19"><span class='ocrx_word' id='word_1_118' title='bbox 181 2651 312 2712; x_wconf 90' lang='lat' dir='ltr'>officium</span> <span class='ocrx_word' id='word_1_119' title='bbox 326 2652 389 2731; x_wconf 87' lang='lat' dir='ltr'>ejus</span> <span class='ocrx_word' id='word_1_120' title='bbox 410 2660 483 2724; x_wconf 87' lang='lat' dir='ltr'>erat,</span> <span class='ocrx_word' id='word_1_121' title='bbox 497 2651 548 2729; x_wconf 91' lang='lat' dir='ltr'>qui</span> <span class='ocrx_word' id='word_1_122' title='bbox 570 2649 712 2710; x_wconf 86' lang='lat' dir='ltr'>defuncto</span> <span class='ocrx_word' id='word_1_123' title='bbox 733 2649 889 2726; x_wconf 87' lang='lat' dir='ltr'>proximus</span> <span class='ocrx_word' id='word_1_124' title='bbox 910 2647 1044 2708; x_wconf 90' lang='lat' dir='ltr'>omniurn</span> <span class='ocrx_word' id='word_1_125' title='bbox 1064 2655 1138 2706; x_wconf 76' lang='lat' dir='ltr'>esset</span> <span class='ocrx_word' id='word_1_126' title='bbox 1158 2665 1286 2706; x_wconf 84' lang='lat' dir='ltr'>consan-</span> 
     </span>
    </p>
   </div>
   <div class='ocr_carea' id='block_1_4' title="bbox 107 2775 1286 2860">
    <p class='ocr_par' dir='ltr' id='par_1_4' title="bbox 107 2775 1286 2860">
     <span class='ocr_line' id='line_1_14' title="bbox 107 2775 1286 2860; baseline -0.003 -19"><span class='ocrx_word' id='word_1_127' title='bbox 107 2837 109 2841; x_wconf 76' lang='grc'>,</span> <span class='ocrx_word' id='word_1_128' title='bbox 179 2781 344 2860; x_wconf 85' lang='lat' dir='ltr'>guinitate;</span> <span class='ocrx_word' id='word_1_129' title='bbox 365 2780 490 2858; x_wconf 87' lang='lat' dir='ltr'>proinde</span> <span class='ocrx_word' id='word_1_130' title='bbox 511 2780 535 2840; x_wconf 94' lang='lat' dir='ltr'>is</span> <span class='ocrx_word' id='word_1_131' title='bbox 549 2779 655 2840; x_wconf 87' lang='lat' dir='ltr'>diebus</span> <span class='ocrx_word' id='word_1_132' title='bbox 675 2778 756 2840; x_wconf 81' lang='lat' dir='ltr'>festis</span> <span class='ocrx_word' id='word_1_133' title='bbox 777 2777 808 2837; x_wconf 92' lang='lat' dir='ltr'>id</span> <span class='ocrx_word' id='word_1_134' title='bbox 830 2788 956 2857; x_wconf 86' lang='lat' dir='ltr'>poterat,</span> <span class='ocrx_word' id='word_1_135' title='bbox 971 2797 1031 2838; x_wconf 93' lang='lat' dir='ltr'>non</span> <span class='ocrx_word' id='word_1_136' title='bbox 1052 2785 1153 2836; x_wconf 83' lang='lat' dir='ltr'>autern</span> <span class='ocrx_word' id='word_1_137' title='bbox 1172 2775 1286 2837; x_wconf 83' lang='lat' dir='ltr'>aliuse</span> 
     </span>
    </p>
   </div>
   <div class='ocr_carea' id='block_1_5' title="bbox 180 2909 1286 3638">
    <p class='ocr_par' dir='ltr' id='par_1_5' title="bbox 180 2909 1286 3638">
     <span class='ocr_line' id='line_1_15' title="bbox 182 2909 1286 2990; baseline 0 -21"><span class='ocrx_word' id='word_1_138' title='bbox 182 2909 314 2970; x_wconf 85' lang='lat' dir='ltr'>defuncti</span> <span class='ocrx_word' id='word_1_139' title='bbox 330 2909 512 2990; x_wconf 87' lang='lat' dir='ltr'>propinquis.</span> <span class='ocrx_word' id='word_1_140' title='bbox 553 2909 677 2971; x_wconf 82' lang='lat' dir='ltr'>Judicis</span> <span class='ocrx_word' id='word_1_141' title='bbox 691 2911 792 2989; x_wconf 86' lang='lat' dir='ltr'>igitur,</span> <span class='ocrx_word' id='word_1_142' title='bbox 807 2929 873 2989; x_wconf 86' lang='lat' dir='ltr'>quae</span> <span class='ocrx_word' id='word_1_143' title='bbox 896 2909 935 2970; x_wconf 85' lang='lat' dir='ltr'>ad</span> <span class='ocrx_word' id='word_1_144' title='bbox 958 2909 1015 2969; x_wconf 93' lang='lat' dir='ltr'>hoc</span> <span class='ocrx_word' id='word_1_145' title='bbox 1036 2929 1129 2988; x_wconf 86' lang='lat' dir='ltr'>genus</span> <span class='ocrx_word' id='word_1_146' title='bbox 1152 2909 1286 2986; x_wconf 88' lang='lat' dir='ltr'>pertine-</span> 
     </span>
     <span class='ocr_line' id='line_1_16' title="bbox 181 3038 1286 3113; baseline -0.001 -13"><span class='ocrx_word' id='word_1_147' title='bbox 181 3039 263 3113; x_wconf 80' lang='lat' dir='ltr'>bant,</span> <span class='ocrx_word' id='word_1_148' title='bbox 277 3060 338 3101; x_wconf 91' lang='lat' dir='ltr'>non</span> <span class='ocrx_word' id='word_1_149' title='bbox 352 3039 533 3101; x_wconf 79' lang='lat' dir='ltr'>vetabantur</span> <span class='ocrx_word' id='word_1_150' title='bbox 547 3039 678 3101; x_wconf 83' lang='lat' dir='ltr'>exerceri</span> <span class='ocrx_word' id='word_1_151' title='bbox 698 3039 802 3100; x_wconf 89' lang='lat' dir='ltr'>diebus</span> <span class='ocrx_word' id='word_1_152' title='bbox 815 3039 905 3112; x_wconf 88' lang='lat' dir='ltr'>festis,</span> <span class='ocrx_word' id='word_1_153' title='bbox 920 3039 970 3099; x_wconf 92' lang='lat' dir='ltr'>sed</span> <span class='ocrx_word' id='word_1_154' title='bbox 985 3038 1080 3099; x_wconf 92' lang='lat' dir='ltr'>solum</span> <span class='ocrx_word' id='word_1_155' title='bbox 1096 3038 1286 3110; x_wconf 76' lang='lat' dir='ltr'>vetabantur</span> 
     </span>
     <span class='ocr_line' id='line_1_17' title="bbox 180 3168 1281 3248; baseline 0.002 -20"><span class='ocrx_word' id='word_1_156' title='bbox 180 3168 310 3228; x_wconf 86' lang='lat' dir='ltr'>exerceri</span> <span class='ocrx_word' id='word_1_157' title='bbox 324 3168 363 3228; x_wconf 83' lang='lat' dir='ltr'>ab</span> <span class='ocrx_word' id='word_1_158' title='bbox 378 3169 489 3246; x_wconf 85' lang='lat' dir='ltr'>aliquo,</span> <span class='ocrx_word' id='word_1_159' title='bbox 504 3169 528 3230; x_wconf 90' lang='lat' dir='ltr'>si</span> <span class='ocrx_word' id='word_1_160' title='bbox 542 3168 595 3230; x_wconf 83' lang='lat' dir='ltr'>alii</span> <span class='ocrx_word' id='word_1_161' title='bbox 610 3169 737 3232; x_wconf 83' lang='lat' dir='ltr'>aderant</span> <span class='ocrx_word' id='word_1_162' title='bbox 746 3171 815 3248; x_wconf 89' lang='lat' dir='ltr'>jure</span> <span class='ocrx_word' id='word_1_163' title='bbox 828 3169 965 3248; x_wconf 84' lang='lat' dir='ltr'>potiores,</span> <span class='ocrx_word' id='word_1_164' title='bbox 980 3169 1077 3248; x_wconf 93' lang='lat' dir='ltr'>quiid</span> <span class='ocrx_word' id='word_1_165' title='bbox 1092 3179 1281 3248; x_wconf 74' lang='lat' dir='ltr'>praestarent¹</span> 
     </span>
     <span class='ocr_line' id='line_1_18' title="bbox 182 3297 1284 3376; baseline 0.002 -18"><span class='ocrx_word' id='word_1_166' title='bbox 182 3297 271 3359; x_wconf 90' lang='lat' dir='ltr'>—De</span> <span class='ocrx_word' id='word_1_167' title='bbox 285 3297 495 3376; x_wconf 83' lang='lat' dir='ltr'>flagellatione,</span> <span class='ocrx_word' id='word_1_168' title='bbox 509 3298 571 3359; x_wconf 89' lang='lat' dir='ltr'>haec</span> <span class='ocrx_word' id='word_1_169' title='bbox 585 3298 693 3359; x_wconf 86' lang='lat' dir='ltr'>illicita</span> <span class='ocrx_word' id='word_1_170' title='bbox 706 3308 772 3359; x_wconf 83' lang='lat' dir='ltr'>erat</span> <span class='ocrx_word' id='word_1_171' title='bbox 784 3297 927 3371; x_wconf 85' lang='lat' dir='ltr'>Sabbato,</span> <span class='ocrx_word' id='word_1_172' title='bbox 941 3299 1025 3360; x_wconf 80' lang='lat' dir='ltr'>licita</span> <span class='ocrx_word' id='word_1_173' title='bbox 1039 3319 1110 3360; x_wconf 89' lang='lat' dir='ltr'>vero</span> <span class='ocrx_word' id='word_1_174' title='bbox 1124 3299 1174 3359; x_wconf 88' lang='lat' dir='ltr'>die</span> <span class='ocrx_word' id='word_1_175' title='bbox 1187 3300 1263 3360; x_wconf 85' lang='lat' dir='ltr'>festo</span> <span class='ocrx_word' id='word_1_176' title='bbox 1278 3323 1284 3372; x_wconf 92' lang='lat'>;</span> 
     </span>
     <span class='ocr_line' id='line_1_19' title="bbox 182 3427 1283 3521; baseline -0.003 -32"><span class='ocrx_word' id='word_1_177' title='bbox 182 3428 292 3506; x_wconf 79' lang='lat' dir='ltr'>legitur</span> <span class='ocrx_word' id='word_1_178' title='bbox 313 3428 392 3488; x_wconf 91' lang='lat' dir='ltr'>enim</span> <span class='ocrx_word' id='word_1_179' title='bbox 415 3428 447 3488; x_wconf 92' lang='lat' dir='ltr'>in</span> <span class='ocrx_word' id='word_1_180' title='bbox 469 3428 563 3489; x_wconf 82' lang='lat' dir='ltr'>Betze</span> <span class='ocrx_word' id='word_1_181' title='bbox 588 3428 673 3490; x_wconf 92' lang='lat' dir='ltr'>Hier.</span> <span class='ocrx_word' id='word_1_182' title='bbox 698 3429 777 3507; x_wconf 82' lang='lat' dir='ltr'>(cap.</span> <span class='ocrx_word' id='word_1_183' title='bbox 796 3449 824 3489; x_wconf 86' lang='lat' dir='ltr'>v.</span> <span class='ocrx_word' id='word_1_184' title='bbox 847 3427 862 3501; x_wconf 64' lang='grc' dir='ltr'>ξ</span> <span class='ocrx_word' id='word_1_185' title='bbox 884 3428 938 3521; x_wconf 26' lang='grc'>2.).</span> <span class='ocrx_word' id='word_1_186' title='bbox 977 3427 1153 3506; x_wconf 78' lang='lat' dir='ltr'>Flcpellotio</span> <span class='ocrx_word' id='word_1_187' title='bbox 1171 3427 1210 3506; x_wconf 81' lang='lat' dir='ltr'>fit</span> <span class='ocrx_word' id='word_1_188' title='bbox 1235 3427 1283 3486; x_wconf 82' lang='lat' dir='ltr'>dic</span> 
     </span>
     <span class='ocr_line' id='line_1_20' title="bbox 180 3556 1283 3638; baseline -0.004 -18"><span class='ocrx_word' id='word_1_189' title='bbox 180 3559 263 3637; x_wconf 82' lang='lat' dir='ltr'>fecto,</span> <span class='ocrx_word' id='word_1_190' title='bbox 277 3565 303 3619; x_wconf 82' lang='lat' dir='ltr'>ct</span> <span class='ocrx_word' id='word_1_191' title='bbox 322 3580 382 3620; x_wconf 80' lang='lat' dir='ltr'>cort</span> <span class='ocrx_word' id='word_1_192' title='bbox 405 3559 673 3636; x_wconf 72' lang='lat' dir='ltr'>Scibam-Quod</span> <span class='ocrx_word' id='word_1_193' title='bbox 701 3559 740 3619; x_wconf 78' lang='lat' dir='ltr'>od</span> <span class='ocrx_word' id='word_1_194' title='bbox 761 3558 941 3638; x_wconf 85' lang='lat' dir='ltr'>supplicium</span> <span class='ocrx_word' id='word_1_195' title='bbox 964 3567 1081 3636; x_wconf 85' lang='lat' dir='ltr'>oportet</span> <span class='ocrx_word' id='word_1_196' title='bbox 1101 3556 1283 3629; x_wconf 81' lang='lat' dir='ltr'>meminisse,</span> 
     </span>
    </p>
   </div>
   <div class='ocr_carea' id='block_1_6' title="bbox 180 3670 1280 3769">
    <p class='ocr_par' dir='ltr' id='par_1_6' title="bbox 180 3670 1280 3769">
     <span class='ocr_line' id='line_1_21' title="bbox 180 3670 1280 3769; baseline -0.005 -18"><span class='ocrx_word' id='word_1_197' title='bbox 180 3691 260 3769; x_wconf 91' lang='lat' dir='ltr'>quod</span> <span class='ocrx_word' id='word_1_198' title='bbox 283 3670 377 3769; x_wconf 85' lang='lat' dir='ltr'>quum</span> <span class='ocrx_word' id='word_1_199' title='bbox 401 3691 437 3750; x_wconf 94' lang='lat' dir='ltr'>de</span> <span class='ocrx_word' id='word_1_200' title='bbox 461 3689 583 3751; x_wconf 83' lang='lat' dir='ltr'>Christo</span> <span class='ocrx_word' id='word_1_201' title='bbox 607 3689 687 3751; x_wconf 91' lang='lat' dir='ltr'>cruci</span> <span class='ocrx_word' id='word_1_202' title='bbox 716 3689 835 3769; x_wconf 85' lang='lat' dir='ltr'>figendo</span> <span class='ocrx_word' id='word_1_203' title='bbox 863 3688 1074 3760; x_wconf 89' lang='lat' dir='ltr'>consuleretur,</span> <span class='ocrx_word' id='word_1_204' title='bbox 1099 3697 1280 3749; x_wconf 89' lang='lat' dir='ltr'>censuerunt</span> 
     </span>
    </p>
   </div>
   <div class='ocr_carea' id='block_1_7' title="bbox 0 0 1470 4860">
    <p class='ocr_par' dir='ltr' id='par_1_7' title="bbox 0 0 1470 4860">
     <span class='ocr_line' id='line_1_22' title="bbox 0 0 1470 4860; baseline 0 0"><span class='ocrx_word' id='word_1_205' title='bbox 0 0 1470 4860; x_wconf 95' lang='lat' dir='ltr'> </span> 
     </span>
    </p>
   </div>
  </div>
 </body>
</html>
