2932 4860
493 582 690 636 maculal'rlo
711 581 997 625 calulcnnmucn.

192 962 301 1041 Itaque
315 961 354 1023 D.
369 961 418 1023 Jo.
433 959 581 1039 Georgius
598 959 809 1020 Rosenmiiller
823 959 854 1018 in
876 967 1049 1037 presentem
1064 959 1163 1019 locum
1179 957 1297 1020 Matth.

192 1091 312 1153 scribit:
334 1090 501 1151 “Petebant
521 1091 640 1169 signum
663 1090 700 1150 de
720 1089 810 1149 eoelo:
834 1089 1021 1168 promittitur
1048 1099 1148 1149 autem
1170 1090 1294 1169 signum

191 1222 230 1282 ab
244 1222 355 1294 inferis,
370 1221 512 1280 nimirum
527 1220 711 1292 recurrendo,
726 1201 942 1299 qua'omnium
965 1219 1180 1281 miraculorum
1195 1223 1295 1300 maxi-

191 1371 273 1410 mum
289 1360 380 1429 atque
393 1350 629 1410 efficacissimum
644 1349 711 1409 suit.
740 1349 809 1409 Non
824 1348 985 1410 vindicabo
999 1370 1052 1410 voe
1066 1349 1098 1408 in
1112 1369 1188 1423 earn,
1197 1370 1293 1429 quam

190 1487 331 1566 expetitis
345 1486 524 1560 libertatem,
539 1486 637 1564 inquit
651 1485 755 1558 Jeau83
776 1485 827 1545 sed
842 1486 962 1557 moriar,
977 1496 1007 1546 et
1027 1486 1115 1547 tertio
1130 1486 1179 1546 die
1192 1507 1292 1547 resur-

190 1617 288 1697 gam.'’
329 1616 381 1676 Ad
395 1616 467 1690 haec,
480 1615 628 1677 Ninivitae
648 1615 854 1694 poenitentiam
875 1625 1001 1694 egerunt
1021 1615 1053 1674 in
1075 1614 1291 1694 predicatione

189 1747 285 1821 Jonae,
295 1768 355 1808 non
370 1747 450 1826 quod
464 1747 489 1807 is
503 1746 646 1807 manserit
659 1746 690 1804 in
706 1755 811 1806 ventre
824 1745 912 1824 piscia
926 1744 1022 1806 tribus
1034 1745 1139 1806 diebus
1149 1746 1289 1808 ettribus

188 1878 326 1938 noctibus
339 1877 391 1951 ita,
407 1886 440 1937 ut
453 1876 511 1936 hoc
524 1876 655 1954 spatium
672 1877 813 1955 temporis
834 1897 929 1955 neque
949 1897 1009 1936 non
1031 1878 1175 1957 attigerit,
1189 1899 1290 1957 neque

188 2007 395 2085 superaverit;
416 2007 466 2067 sed
481 2006 561 2086 quod
576 2007 737 2068 devoratus
751 2026 844 2085 quum
859 2006 951 2066 fuerit
966 2028 984 2067 a
999 2008 1087 2085 pisce,
1102 2019 1291 2088 quapropter

187 2137 367 2197 naturaliter
387 2136 443 2215 ipsi
464 2147 530 2197 erat
550 2137 747 2209 moriendum,
761 2137 1004 2197 extraordinaria
1024 2139 1140 2198 ratione
1160 2158 1223 2200 non·
1242 2151 1290 2200 est

188 2276 333 2340 mortuua,
347 2267 399 2327 aed
411 2267 571 2328 incolumis
584 2269 738 2347 egreditur
751 2289 789 2328 ex
811 2269 864 2329 iilo
878 2269 952 2330 loco.
987 2269 1049 2330 Hic
1063 2271 1157 2350 igitur
1171 2271 1289 2351 duplex

186 2403 281 2454 statua
304 2394 400 2468 Jonae,
423 2395 564 2456 videlicet
588 2396 751 2457 existimati
777 2397 915 2458 interitus
938 2408 1028 2477 atque
1052 2401 1288 2476 resurrectioniS,

185 2524 244 2585 fuit
258 2527 387 2605 siguum,
401 2548 460 2605 quo
474 2527 620 2589 Ninivitae
633 2527 673 2588 ad
687 2528 840 2588 meliorem
863 2529 979 2608 frugem
995 2550 1026 2589 se
1039 2550 1183 2608 recepere.
1225 2531 1287 2594 Sed

185 2655 323 2718 Christus
337 2659 396 2714 καθ’
412 2661 484 2713 αὑτὰ
506 2679 542 2718 ac
556 2659 668 2719 directe
682 2659 761 2719 idem
784 2661 902 2739 signum
925 2661 998 2720 dare
1017 2661 1146 2722 intendit
1167 2661 1287 2724 ,Iudaeis

184 2810 238 2850 sua
252 2809 388 2869 persona,
402 2790 482 2868 quod
503 2789 598 2851 Jonas
619 2790 719 2850 fuerat
737 2790 901 2852 Ninivitis:
922 2786 1003 2852 Sicut
1024 2793 1100 2852 enim
1113 2793 1177 2869 suit
1190 2793 1288 2854 Jonae

183 2925 300 2999 tiqnum
322 2921 474 2994 Ninivitis,
487 2923 531 2980 tn
553 2923 607 2981 erit
624 2929 655 2988 n
673 2922 770 2982 Filiae
789 2922 914 2983 dominic
932 2925 1114 3001 qenerationt‘
1133 2926 1182 2984 iuti
1194 2924 1287 3002 (Luc.

183 3053 224 3111 xi.
241 3052 313 3129 30.).
347 3051 431 3130 Ergo
448 3051 527 3130 quod
550 3051 687 3113 Christus
709 3053 769 3108 καθ’
794 3055 865 3140 αὐτὰ
880 3075 915 3113 ac
929 3054 1041 3114 directe
1060 3055 1220 3133 presagire
1240 3057 1288 3115 in-

182 3180 279 3241 tendit
293 3180 417 3259 praefato
431 3181 698 3260 testimunio'apud
713 3180 825 3244 Matth.
835 3192 879 3243 eet
892 3204 947 3243 sua
958 3204 1037 3255 mors
1048 3192 1078 3243 et
1089 3186 1265 3245 resurrectio
1277 3206 1285 3259 3

181 3321 272 3392 atque
285 3312 361 3373 aden
376 3321 486 3385 manet,
500 3313 580 3391 quod
595 3313 627 3371 in
641 3311 728 3372 initio
742 3311 872 3391 positum
887 3322 949 3373 est:
970 3322 1087 3391 tempus
1101 3312 1196 3373 solum
1213 3319 1283 3368 κατὰ

181 3446 275 3517 σχέσιν
290 3440 329 3500 ab
343 3461 378 3501 eo
392 3440 482 3500 finisse
496 3403 740 3520 praenuntiatum,
752 3451 965 3521 consequenter
975 3462 1036 3502 nnn
1047 3444 1210 3504 necessario
1221 3465 1284 3504 ease

178 3570 366 3632 strictissimo
380 3591 467 3631 sensu
482 3571 698 3650 accipiendum.

702 3967 744 4028 11.

216 4229 401 4291 ii-Verum
418 4229 497 4289 enim
519 4251 600 4302 vern,
616 4250 710 4308 quum
730 4231 848 4291 tantum
873 4236 942 4289 κατὰ
957 4224 1061 4308 σχέσιν,
1076 4252 1130 4292 nec
1152 4231 1278 4310 proinde
