2932 4860
245 568 304 633 nu
545 586 741 640 nmuursmo
762 586 1049 630 cermceemmes.

244 1233 428 1286 maetaretur
447 1233 526 1286 stata
547 1225 630 1299 hora,
645 1244 703 1285 non
726 1233 827 1285 tamen
848 1232 998 1284 assaretur
1018 1231 1089 1284 unte
1109 1231 1236 1296 noctem,
1251 1241 1347 1302 quum

244 1352 410 1415 Sabbatum
420 1355 485 1434 jem
500 1354 695 1434 prateriisaet,
706 1355 921 1434 incepissetque
932 1353 1046 1433 primus
1060 1353 1122 1414 dies
1136 1353 1351 1427 hebdomadis,

244 1484 296 1564 qui
310 1484 415 1546 fuisset
427 1484 552 1546 Nisanis
566 1484 829 1564 decimusquintus.
852 1485 923 1562 Qua
937 1484 1035 1564 posita
1048 1483 1114 1564 lege
1127 1483 1242 1557 rituali,
1257 1483 1351 1545 dieo:

244 1614 302 1677 hac
315 1613 381 1696 lege
394 1613 494 1677 Judeei
508 1613 672 1695 praevenire
690 1613 851 1676 voluerunt
872 1614 1089 1689 difficultatem,
1104 1633 1169 1694 quae
1189 1633 1353 1674 decurrere

244 1744 396 1824 potuisset,
409 1743 435 1805 si
448 1744 569 1823 quando
583 1743 810 1822 decimaquarta
823 1741 946 1803 Nisenis
956 1741 1107 1804 incidisset
1120 1742 1152 1802 iu
1165 1741 1347 1803 Sabbatum.

244 1875 304 1939 Sed
316 1874 383 1936 haee'
393 1874 554 1936 difficultas
564 1872 664 1935 locum
678 1894 737 1933 non
752 1872 912 1946 habuisset,
924 1883 953 1934 et
966 1872 1082 1934 inutilis
1092 1893 1213 1952 prorsus
1223 1892 1261 1934 ao
1274 1873 1349 1934 ridi·

245 2004 314 2066 eula
327 2005 467 2066 erasisset
479 2012 628 2084 praecepta
642 2003 701 2078 lex,
715 2003 740 2064 si
754 2003 853 2065 verbis
868 2003 909 2063 ud
923 2002 998 2064 diam
1017 2002 1292 2083 decimumquartum
1306 2003 1347 2063 ad

193 2102 195 2105 Ι
244 2153 388 2212 meram
399 2132 486 2206 (loce.
498 2133 561 2194 citt.
572 2132 634 2193 Ex.
644 2143 675 2193 et
683 2131 790 2211 Deut.)
801 2134 939 2195 venirent
948 2134 1052 2213 primae
1061 2153 1191 2213 vesperae
1201 2133 1265 2213 ejus
1275 2134 1346 2196 diei.

245 2263 329 2343 Ergo
344 2272 445 2324 manet
458 2263 513 2324 illa
526 2262 593 2324 loca
607 2265 700 2325 citata
714 2284 774 2325 esee
792 2263 989 2343 intelligenda
1003 2263 1041 2324 d'e
1054 2263 1190 2325 secundis
1204 2263 1345 2344 vesperis.

245 2393 288 2458 Et
307 2416 422 2470 revera,
435 2396 460 2456 si
473 2415 527 2475 per
547 2394 630 2456 diem·
647 2394 934 2474 decimumquartum
953 2393 995 2454 ud
1007 2413 1171 2473 vesperam,
1185 2392 1347 2454 intellectae

243 2526 368 2592 tuissent
381 2524 486 2604 primae
498 2544 636 2604 vesperae,
649 2533 685 2584 ut
699 2523 735 2584 el.
756 2523 946 2585 adversarius
959 2531 1059 2596 teuet;
1084 2541 1177 2601 quum
1198 2520 1346 2582 incideret

244 2656 307 2718 dies
321 2655 547 2735 decimaquarta
559 2655 592 2715 in
606 2654 784 2729 Sabbatum,
795 2675 890 2733 agnus
900 2654 1005 2715 fuisset
1018 2652 1198 2715 mactandus.
1205 2661 1236 2714 et
1246 2673 1346 2715 assan-

245 2785 303 2846 dus
314 2805 417 2846 versus
430 2805 568 2846 occasum
589 2783 659 2845 solis
675 2784 734 2845 diei
754 2782 944 2844 decimitertii
953 2804 961 2856 ;
982 2782 1031 2844 hic
1051 2791 1153 2843 autem
1167 2782 1272 2843 suimet
1286 2782 1346 2862 pn‘·

244 2916 293 2978 die
306 2915 442 2990 Sabbati,
455 2932 515 2976 non
529 2934 600 2976 vero
621 2913 798 2988 Sabbatum,
812 2912 928 2974 ratione
950 2914 996 2993 cuj
1001 2933 1034 2973 us
1056 2912 1107 2973 lex
1120 2932 1157 2972 ea
1179 2911 1253 2972 data
1275 2911 1344 2974 furit.

245 3044 329 3126 Ergo
342 3046 374 3105 in
389 3044 445 3105 tali
458 3065 528 3106 casu
542 3042 664 3105 inutilis·
672 3052 763 3123 atque
776 3042 904 3104 ridicula
914 3042 1116 3104 existimanda
1129 3051 1205 3103 esset
1216 3042 1345 3122 praefata

245 3173 304 3249 Iex,
319 3194 386 3253 quae
398 3150 587 3254 pieevenisset
599 3172 808 3235 difficultatem
822 3173 921 3235 locum
935 3194 1090 3253 nunquam
1105 3172 1289 3234 habituram.

286 3302 519 3378 58.-Tandem·‚
540 3304 622 3384 quod
645 3304 789 3366 haetenus
810 3304 1023 3378 demonstravi,
1044 3302 1240 3366 confirmetur
1262 3303 1346 3364 hisee

146 3420 148 3424 ’
244 3434 453 3499 verbis-Mare.
469 3434 546 3513 (xiv.
562 3436 624 3513 1.):
645 3434 722 3494 Erat
735 3440 832 3495 autem
849 3431 1000 3512 pueebaet
1018 3453 1118 3512 azyma
1132 3439 1200 3512 pust
1212 3430 1344 3494 Meum.

245 3563 372 3626 Etenim.
388 3564 414 3625 si
425 3563 539 3644 paseha
557 3572 624 3624 erat
643 3562 856 3624 celebrandum
870 3572 937 3643 post
957 3562 1084 3624 biduum
1104 3582 1172 3623 uum
1186 3561 1262 3622 festo
1275 3581 1348 3642 ary·-

244 3715 371 3770 morum,
385 3693 549 3755 necessario
570 3693 712 3773 sequitur,
727 3693 807 3773 quod
829 3702 894 3754 erat
916 3692 1136 3780 celebrandum
1150 3691 1273 3752 ineunte
1295 3691 1350 3752 die

244 3825 465 3905 decimoquinto
476 3846 489 3898 ;·
504 3825 612 3886 festum
626 3825 704 3885 enim
724 3843 898 3904 azymorum
919 3824 1039 3885 initium
1054 3822 1191 3885 sumebat
1205 3842 1224 3883 a
1237 3821 1347 3902 primis
