2932 4860
543 574 738 628 DISQUISITIO
758 575 1042 619 cnmcessmmce.

240 1113 345 1165 ranna,
360 1092 523 1153 benedietue
547 1095 597 1174 qui
618 1096 694 1153 venit
715 1097 749 1154 in
770 1096 886 1154 nomine
908 1093 1039 1165 Domini,
1053 1114 1105 1153 rex
1128 1092 1229 1153 Israel.
1272 1090 1350 1151 Post

240 1223 310 1283 solis
325 1244 462 1284 occasum
476 1224 534 1283 diei
550 1223 674 1284 Sabbati
689 1223 826 1284 Christus
841 1224 923 1285 venit
935 1222 1127 1294 Bethaniem‚
1139 1223 1265 1300 ideoque
1276 1223 1345 1301 jam

241 1355 382 1433 ingresso,
398 1374 479 1413 more
493 1353 700 1425 He'braeorum,
715 1354 764 1414 die
779 1354 940 1414 Dominiea
955 1376 962 1425 ;
984 1354 1065 1413 horis
1086 1353 1202 1412 diurnis
1217 1351 1348 1429 ejrmdem

243 1485 311 1557 diei,
326 1485 375 1548 vel
389 1486 413 1544 si
428 1495 628 1564 computetur,
640 1507 722 1546 more
736 1486 952 1559 Romanorum,
963 1507 982 1546 a
993 1487 1087 1547 noctis
1099 1485 1207 1558 medio,
1218 1485 1263 1546 uti
1275 1484 1353 1545 fecit

242 1616 264 1679 J
265 1639 302 1691 0.,
315 1619 350 1676 in
363 1618 529 1686 erastinum,
544 1626 726 1694 exceperunt
740 1637 808 1676 eum
822 1616 1044 1695 Jerosolymitae
1058 1636 1126 1676 oum
1142 1615 1259 1694 palmis.
1287 1615 1352 1676 Sed

243 1747 293 1808 hic
307 1746 365 1807 fuit
378 1753 471 1807 sextus
484 1746 545 1807 dier
558 1756 628 1808 ante
642 1746 759 1808 Pascha
770 1770 776 1820 ;
791 1747 898 1808 festum
910 1767 982 1826 ergo
992 1746 1070 1806 illud
1082 1747 1131 1806 die
1149 1746 1276 1817 Venerii,
1286 1766 1351 1807 non

242 1876 371 1949 sabbati,
385 1875 568 1936 celebratum
582 1877 657 1942 fuit;
678 1884 772 1936 sevius
791 1878 871 1937 enim
887 1877 949 1937 dies
962 1874 1131 1955 incipiendo
1146 1896 1164 1935 a
1187 1875 1352 1936 Dominiea

243 2026 303 2065 non
325 2014 369 2066 eet
388 2005 554 2078 Sabbatum,
567 2005 619 2066 sed
639 2005 700 2066 dies
728 2005 854 2071 Veneris.
897 2007 942 2067 Of.
967 2006 1098 2079 Pan-itii,
1112 2026 1159 2084 op.
1177 2007 1258 2066 citat.
1276 2005 1351 2083 (lib.

246 2135 319 2210 111„
332 2137 400 2196 diss.
416 2135 518 2212 xlix).

751 2395 813 2459 III.

287 2658 453 2720 {iii-Cum
467 2657 558 2720 semel
571 2657 800 2719 demonstrarim
814 2658 968 2720 Christum
986 2658 1034 2719 die
1049 2655 1176 2720 Veneris
1191 2667 1347 2719 mortuum

153 2868 157 2877 ,
246 2788 352 2861 fuisse;
366 2809 385 2848 a
396 2787 527 2868 reliquis,
537 2809 603 2868 quae
616 2789 653 2849 cl.
668 2788 857 2850 adversarius
872 2811 926 2868 pro
936 2809 992 2850 sua
1002 2789 1115 2849 tuenda
1125 2789 1273 2850 sententia
1285 2799 1351 2850 tam

246 2919 359 2979 affabre
373 2919 571 2992 coarmavit,
580 2928 615 2980 ut
629 2939 689 2978 non
704 2919 806 2996 magni
821 2919 973 2992 momenti;
986 2919 1086 2992 facile,
1097 2918 1290 2997 breviterque
1302 2936 1351 2978 me
1385 2952 1392 2979 ι

247 3048 414 3128 expediam.
456 3048 658 3121 sumentem,
673 3049 811 3127 quoe-a)
826 3048 932 3108 horam
947 3049 1118 3127 respiciunt,
1133 3068 1193 3125 qua
1207 3046 1349 3108 Christus

249 3189 384 3240 mortuus
392 3179 492 3252 fuerit,
503 3187 533 3238 et
541 3199 601 3258 qua
611 3179 745 3257 sepultus
754 3180 797 3256 (n.
810 3179 881 3254 11.),
896 3179 1034 3256 quie-ir)
1046 3188 1181 3239 asserunt
1192 3177 1349 3264 Christum

250 3308 350 3371 verbis
370 3309 452 3387 apud
474 3307 585 3369 Matth.
601 3309 668 3386 (xii.
690 3309 753 3386 40.)
768 3309 830 3368 dies
852 3316 904 3364 τῶν
926 3305 1001 3381 XII,
1024 3297 1192 3381 intendisse,
1204 3308 1349 3370 horarum

253 3440 296 3516 (n.
313 3438 384 3515 12),
398 3437 532 3517 quae-e)
547 3437 652 3497 horam
666 3437 811 3510 indicant,
822 3457 882 3516 qua
895 3437 1033 3497 Christus
1045 3438 1207 3497 resurrexit
1219 3437 1262 3515 (n.
1280 3437 1354 3516 13.)‚

251 3567 392 3647 quie-d)
407 3567 540 3628 indieant
553 3573 666 3627 tantum
679 3569 870 3628 testimonium
883 3567 965 3645 apud
980 3566 1056 3627 Luc.
1072 3568 1171 3644 (xxiv.
1188 3567 1261 3642 21.),
1279 3566 1354 3647 quia

252 3700 288 3761 el.
304 3699 432 3762 Wateon
447 3699 506 3759 ait:
528 3698 552 3757 I
560 3698 630 3759 have
643 3705 692 3759 noi
705 3719 784 3759 roem
798 3705 824 3757 to
838 3718 889 3776 say
902 3717 980 3758 more
995 3699 1038 3775 (n.
1055 3699 1128 3772 14),
1142 3698 1278 3777 quae—e)
1289 3700 1353 3760 the·

251 3831 347 3892 oriam
368 3830 502 3908 aliquam
523 3828 668 3889 exhibent
681 3827 719 3887 de
738 3827 879 3888 Sabbatis
895 3828 938 3904 (n.
955 3823 1026 3904 15.)‡
1069 3827 1141 3890 Jam
1165 3849 1237 3893 vero
1258 3829 1351 3890 relate

252 3969 291 4029 ad
305 3967 412 4029 horam
427 3967 530 4028 mortis
543 3966 656 4026 Christi
673 3966 817 4028 convenio
831 3985 951 4044 prorsus
972 3986 1040 4025 cum
1055 3965 1187 4026 Domino
1202 3965 1351 4041 Wate0n;
