2932 4860
356 621 511 663 CHRISTUS
532 621 648 663 JACUIT
669 621 705 661 IN
726 620 893 663 SEPULCRO
915 602 969 668 '72
990 620 1096 661 HORIS.
1240 622 1283 663 XV

180 829 242 889 sole
257 840 364 889 nostrae
378 831 436 888 diei
453 829 614 889 Mercurii:
636 831 686 889 hic
700 840 764 889 erat
777 830 853 908 finis
873 829 933 888 diei
956 828 1102 888 Mercurii
1118 829 1210 907 juxta
1231 827 1283 887 Bi·

181 942 260 1015 blia;
282 943 344 1002 dics
359 945 436 1002 enim
458 965 562 1003 occasu
585 943 654 1002 solis
675 943 844 1002 finiebatur.
887 942 971 1002 Tunc
986 963 1106 1002 occasus
1121 942 1181 1001 diei
1195 940 1283 1003 Jovis

175 1058 248 1136 finis
262 1066 326 1117 erat
347 1058 483 1117 secundae
498 1058 575 1129 diei3
597 1066 626 1117 ct
648 1078 768 1117 occasus
789 1057 848 1116 dici
863 1057 992 1117 Veneris
1009 1056 1082 1135 fiais
1103 1065 1167 1116 erat
1188 1057 1284 1116 tertiae

181 1171 250 1230 (liei.
292 1170 398 1230 Graeca
413 1172 538 1249 phrasis,
554 1170 640 1249 plene
655 1172 782 1244 reddita,
794 1170 943 1249 significat
953 1177 1018 1248 post
1026 1172 1102 1249 fines
1116 1171 1208 1230 trium
1225 1171 1285 1229 die-

183 1304 259 1343 rum.
301 1283 401 1355 Nunc,
424 1305 569 1362 ponamus
590 1284 745 1343 Christum
767 1283 963 1343 resurrexisse
984 1284 1024 1342 ad
1045 1284 1186 1343 amussim
1208 1283 1282 1343 occi-

182 1397 271 1456 dente
295 1396 356 1455 sole
384 1397 444 1455 diei
472 1396 756 1475 Saturni—praecise
786 1405 856 1456 ante
883 1396 989 1456 finem:
1019 1406 1091 1456 tunc
1119 1396 1284 1456 resurrexit

176 1516 242 1587 post
259 1510 351 1587 finem
372 1510 463 1570 trium
487 1510 613 1569 dierum.
655 1509 687 1569 Si
711 1510 774 1587 ipse
798 1509 931 1587 sepultus
956 1509 1015 1569 fuit
1039 1520 1144 1569 exacte
1168 1510 1207 1568 ad
1235 1530 1282 1569 oc-

180 1643 282 1681 casum
298 1623 357 1681 diei
372 1622 526 1695 Mercurii,
538 1633 611 1682 tunc
625 1623 661 1681 ab
676 1623 729 1682 illo
744 1623 792 1682 die
807 1623 967 1700 incipimus
981 1623 1280 1683 enumerare—diem

181 1734 203 1796 J
204 1736 278 1808 ovis,
287 1736 415 1796 Veneris
430 1746 459 1796 et
473 1735 618 1808 Sabbati3
640 1746 731 1814 atque
745 1737 802 1796 hoc
816 1736 974 1815 conjiceret
988 1736 1234 1796 resurrectionem
1249 1737 1282 1794 in

180 1850 259 1908 diem
282 1849 414 1922 Saturni,
430 1849 468 1908 ad
490 1850 633 1909 amussim
648 1851 686 1909 ad
709 1870 845 1909 occasum
867 1848 945 1910 solis.
987 1850 1020 1909 Si
1043 1851 1106 1911 istae
1123 1851 1283 1929 positiones

178 1971 250 2021 sunt
257 1963 346 2040 fricta,
361 1973 434 2021 tuuc
448 1961 586 2022 Christus
603 1963 701 2040 jacuit
718 1963 748 2020 in
764 1962 901 2040 sepulcro
916 1962 954 2022 ab
970 1984 1075 2023 occasu
1090 1964 1150 2022 diei
1166 1963 1284 2023 Mercu-

178 2077 216 2134 rii
232 2077 270 2135 ad
286 2097 423 2136 occasum
438 2076 498 2135 diei
513 2075 648 2149 Sabban,
664 2077 706 2136 sic
721 2076 873 2154 complens
889 2080 966 2137 “tres
978 2078 1040 2137 dies
1052 2086 1081 2137 et
1092 2088 1194 2138 noctes
1204 2077 1284 2137 tres'’

178 2191 319 2250 “tertiam
344 2191 442 2250 diem''
467 2200 496 2251 et
521 2209 617 2250 xmus
642 2210 748 2250 nurum
777 2210 918 2251 prunum.
960 2191 1006 2253 Ut
1033 2203 1189 2270 postremae
1212 2193 1284 2252 huic

179 2304 363 2369 conclusioni
388 2304 522 2363 animum
549 2305 718 2376 advertant,
741 2303 914 2365 Graecarum
941 2305 1111 2365 litterarum
1137 2306 1284 2366 studiosos

182 2416 349 2495 expostulo.

220 2530 532 2590 Susanna-Junci
561 2531 750 2609 acjnnpcbcnt
785 2531 846 2590 dica
873 2533 1114 2610 capitati-puciatur
1148 2531 1286 2590 bonorum

180 2645 301 2703 terciam
317 2644 351 2702 ob
367 2665 466 2704 oecuan
479 2644 553 2704 actia.
596 2643 672 2704 Gen.
687 2646 706 2703 i.
723 2647 749 2704 5.
765 2646 792 2704 8.
809 2645 855 2704 13.
875 2645 921 2703 19.

220 2756 561 2816 TERTIA.—Dnodccinr
581 2756 658 2816 bone
680 2757 796 2816 dinrnm
817 2756 994 2833 incipiebant
1015 2757 1051 2815 ab
1073 2764 1137 2815 ortn
1165 2758 1239 2829 solis,
1261 2764 1287 2817 ei

181 2869 350 2928 desinebant
364 2869 403 2927 cd
418 2890 553 2928 occasum.
595 2868 617 2930 J
619 2892 644 2929 o.
660 2870 701 2928 xi.
718 2870 744 2929 9.
761 2880 790 2928 et
805 2869 916 2928 Matth.
931 2890 984 2928 xx.
1001 2869 1108 2928 3-12.

222 2983 576 3058 (dimissa-Duodecim
597 2983 673 3042 tora
694 2991 840 3042 nocturnae
854 2983 1031 3060 incipiebant
1046 2983 1082 3041 cb
1097 3005 1196 3042 coenan
1209 2986 1284 3058 actia,

181 3105 207 3156 ct
222 3097 390 3156 (desinebant
404 3097 444 3155 od
465 3105 566 3156 odrina
610 3097 679 3157 Act.
702 3098 788 3156 xxiii.
805 3098 852 3156 23.
895 3097 1057 3175 Comperta
1078 3118 1124 3156 res
1146 3108 1198 3170 est,
1218 3118 1285 3157 noc-

180 3219 239 3270 tem
256 3210 410 3269 inclusisse
424 3231 511 3269 omne
526 3220 652 3287 tempus,
667 3212 746 3288 quod
769 3211 831 3269 dies
849 3210 1007 3269 duodecim
1024 3210 1166 3269 horarum
1183 3210 1284 3269 exclu-

181 3323 281 3383 debat.

202 3437 513 3515 Qumis—Tempus
533 3445 704 3497 coctionum
723 3437 949 3516 nnirncujnapnc
966 3436 1026 3496 dici
1044 3437 1284 3514 arpino-quatuor

173 3550 315 3610 berorum
331 3551 525 3628 praeocnicbot
546 3558 655 3628 tenpus
674 3550 823 3620 dianium,
841 3551 899 3607 sic:
920 3546 985 3628 :j
1027 3548 1096 3608 Hoc
1118 3547 1285 3622 accidebat,

180 3666 252 3744 quia
266 3666 329 3724 dies
344 3665 595 3743 viginti-quatuor
616 3664 761 3724 horarum
776 3662 939 3740 incipiebat
957 3662 996 3722 ab
1011 3683 1125 3722 occasu.
1167 3661 1285 3723 Oblivi-

179 3789 281 3840 scatur
294 3778 389 3839 lector
404 3780 435 3838 in
451 3780 608 3857 praesentia
622 3787 730 3838 nostrae
740 3777 867 3837 infelicis
879 3776 1034 3837 divisionis
1046 3798 1064 3836 a
1075 3777 1174 3836 media
1188 3787 1283 3837 nocte.

218 3893 488 3971 Surena—Awana
507 3892 655 3970 paschalia
676 3890 854 3950 occidebatur
873 3893 906 3949 in
929 3890 1017 3949 limite
1036 3895 1148 3950 occonis
1172 3892 1205 3949 in
1220 3891 1284 3969 fine

179 4006 397 4066 decima-tertia
416 4006 476 4066 dici
495 4007 590 4084 primi
608 4005 712 4064 menan
736 4004 921 4075 ecclesiastici,
943 4010 969 4063 et
995 4005 1029 4062 in
1050 4004 1134 4062 initio
1157 4003 1283 4063 decimac-

178 4125 287 4198 qnurtoe
302 4119 370 4178 dici.
393 4119 452 4178 Ex.
468 4119 521 4178 xii.
538 4118 565 4178 6.
578 4128 607 4178 et
622 4117 712 4176 Dent.
722 4116 786 4176 xvi.
800 4117 826 4175 1.
841 4116 868 4175 6.
890 4114 975 4176 Sicut
985 4136 1080 4194 agnus
1092 4098 1285 4175 occidebatur

181 4231 353 4291 “occidente
374 4231 453 4290 sole''
469 4230 499 4289 in
517 4230 576 4289 fine
597 4228 826 4289 decimae-tertiae
847 4229 915 4301 diei,
931 4227 1143 4288 comedebatur
1163 4228 1195 4286 in
1211 4227 1284 4287 “illa
