2984 4860
500 579 695 633 DISQUISI'I'IO
715 579 1000 624 omnmo-maalon.

197 1084 236 1144 tit
261 1104 338 1162 saepe
365 1085 520 1163 repetitam
550 1083 754 1163 loquutionem
775 1085 950 1147 literaliter:
979 1105 1016 1145 nv
1038 1105 1149 1147 conns
1170 1107 1294 1148 ranan.

196 1214 326 1274 Accedit
346 1214 441 1274 versio
463 1214 582 1274 Persica
596 1214 635 1274 ab
653 1213 798 1275 Waltono
812 1216 844 1275 in
865 1216 975 1276 Bibliis
989 1217 1171 1296 Polyglottis
1185 1218 1294 1279 Londi-

197 1343 337 1405 nensibus
361 1344 451 1418 edita,
476 1364 608 1423 quaeque,
628 1364 689 1405 non
714 1353 784 1405 ante
807 1344 901 1406 VIII.
927 1345 1069 1406 Ecclesiae
1092 1347 1244 1420 saeculum,
1258 1368 1293 1407 ex

197 1475 331 1536 versione
345 1473 474 1534 Peecbc’to
488 1484 613 1534 exarata
627 1473 809 1553 perhibetur.
851 1473 927 1535 Haec
941 1475 1054 1554 pariter
1067 1496 1132 1535 eam
1148 1475 1295 1555 loquutio-

197 1626 263 1665 uem
279 1605 321 1664 sic
343 1603 502 1665 transfert:
524 1621 561 1663 nv
583 1620 694 1663 conon
715 1604 911 1681 TERRAE(8.).
943 1604 1016 1663 Pari
1040 1625 1159 1683 prorsus
1181 1607 1295 1667 ratione

195 1735 275 1796 idem
289 1735 381 1796 edicit
394 1734 490 1796 versio
506 1733 676 1806 Slavonica,
690 1754 709 1793 a
722 1732 867 1794 fratribus
888 1733 1004 1810 Cyrillo
1018 1743 1047 1794 et
1068 1734 1236 1809 Methodio,
1250 1757 1295 1796 su·

196 1887 252 1946 pra
266 1865 386 1926 Graecos
400 1864 515 1925 codices
529 1862 705 1943 byzantinos
719 1864 863 1936 confecta,
874 1862 932 1923 IX.
948 1862 1091 1924 Ecclesiae
1104 1864 1230 1938 saeculo3
1245 1867 1297 1929 ha-

196 2001 247 2063 het
261 2002 357 2062 enim:
371 2019 400 2062 vv
413 2019 509 2062 aanol
526 1992 623 2074 unuh,
638 2001 686 2061 vel
701 2001 917 2080 orthographia
931 2001 1112 2061 Polonorum
1126 2024 1132 2061 :
1148 2019 1176 2062 vv
1190 2021 1293 2063 snncu

196 2152 335 2212 z1arc1‚q.
347 2133 377 2193 d.
391 2151 428 2192 m
442 2150 552 2192 conns
565 2150 692 2192 usnam.
713 2131 848 2191 Tandem
864 2130 959 2190 versio
969 2129 1114 2202 Arabica,
1125 2151 1192 2209 quae
1203 2132 1243 2191 ad
1254 2131 1295 2191 N.

196 2262 230 2323 Τ.
245 2262 324 2342 qnod
339 2263 455 2335 attinet,
466 2262 506 2322 ad
516 2282 651 2323 normam
664 2261 792 2322 Peecbc'to
806 2260 970 2334 elaborata,
981 2258 1139 2320 X.-XII.
1152 2259 1295 2320 Ecclesia

194 2390 301 2452 saeculo
323 2392 354 2451 in
379 2392 476 2453 lucem
505 2391 625 2471 prodiit,
652 2392 730 2452 idem
760 2391 935 2464 confirmat;
966 2391 1008 2451 sic
1031 2391 1109 2451 enim
1136 2390 1291 2469 praefatam

194 2523 294 2583 reddit
307 2522 440 2609 phrasim
454 2544 461 2582 ε
483 2539 644 2585 meones
657 2539 777 2581 ranam
788 2521 854 2599 (9.).

236 2653 401 2728 11.-Quae
414 2672 506 2732 quum
522 2652 566 2713 ita
578 2651 647 2725 sint,
661 2652 728 2712 dico
742 2675 748 2712 :
763 2660 870 2731 praeter
883 2652 1041 2712 recensitas
1055 2651 1212 2725 versiones,
1227 2653 1293 2712 aliae

194 2803 254 2843 non
268 2783 380 2844 dantur
393 2783 432 2843 ad
447 2783 581 2843 eamdem
603 2783 759 2862 antiquam
773 2783 878 2842 seriem
900 2782 1089 2861 pertinentes,
1103 2802 1170 2860 quae
1182 2781 1248 2842 sola
1261 2783 1291 2841 in

193 2931 225 2972 re
239 2911 343 2972 critico
364 2911 453 2973 fidem
468 2913 565 2973 faeere
578 2921 692 2992 potest3
712 2921 895 2991 quapropter
908 2909 1045 2972 exhibita
1059 2911 1289 2972 translationum

193 3042 424 3116 enumeratione,
438 3042 610 3103 inductione
633 3042 764 3121 perfecta
787 3041 925 3121 probasse
949 3042 1080 3102 arbitror
1100 3042 1180 3120 quod
1206 3043 1291 3103 initio

191 3172 382 3234 adserebam:
397 3194 456 3234 uon
472 3171 577 3233 haberi
590 3172 703 3233 scilicet
713 3172 888 3244 versionem,
897 3173 928 3232 in
943 3192 1004 3251 qua
1018 3172 1066 3227 Ἐν
1081 3181 1115 3248 τῇ
1130 3176 1229 3247 καρδίᾳ
1241 3181 1291 3245 τῆς

191 3309 243 3377 γῆς
258 3322 375 3362 versum
390 3301 429 3363 sit
443 3321 479 3362 lu
490 3319 664 3362 saruncao
686 3301 718 3361 Si
729 3301 822 3380 igitur
833 3322 894 3361 una
907 3301 956 3362 vel
967 3302 1063 3361 altera
1073 3322 1112 3360 ex
1124 3301 1290 3361 recentibus

190 3431 384 3505 versionibus,
398 3453 481 3494 secus
500 3453 536 3493 ao
557 3432 696 3511 antiquae,
711 3442 875 3492 memorata
895 3430 989 3493 verba
1009 3431 1154 3504 verterit;
1179 3452 1215 3491 ea
1237 3452 1290 3491 nu-

190 3582 272 3623 mero
286 3571 316 3624 et
329 3563 507 3624 anctoritate
520 3572 656 3624 veterum
667 3561 760 3622 dubio
770 3562 876 3641 procul
889 3561 1040 3623 obruetur.
1068 3561 1185 3621 Verum
1196 3561 1290 3641 hypo·

189 3692 281 3753 thesis
301 3693 366 3772 ipsa
380 3693 554 3770 neutiquam
572 3700 616 3753 est
629 3691 826 3752 concedenda.
868 3685 980 3752 Omne}
993 3691 1071 3751 enim
1094 3690 1244 3752 versiones
1258 3691 1287 3749 in

189 3820 301 3899 linguis
315 3821 491 3894 vernaculis,
503 3820 646 3880 hactenus
660 3820 692 3878 in
707 3818 803 3879 lucem
818 3819 960 3898 proditas,
971 3817 1140 3897 conspirare
1154 3838 1222 3878 cum
1237 3839 1289 3879 an·
