2932 4860
331 596 487 639 ouarsrus
508 595 625 639 ramur
647 596 683 637 ru
704 596 871 640 ssruuouo
893 579 948 645 '72
969 596 1076 640 florus.
1180 577 1260 638 xxiii

154 806 243 866 tionis
265 810 326 878 ὀψὲ,
342 805 451 866 videsis
472 805 534 884 ejus
555 805 721 866 versionem
746 804 776 864 in
803 805 911 878 verbis,
933 826 999 884 quae
1019 805 1257 866 subnectuntur:

155 918 249 978 Mare.
274 920 314 978 xi.
339 919 385 978 19.
402 922 494 979 “even
519 918 650 995 (sero);’'
673 917 748 978 Gen.
774 918 860 980 xxvi.
885 920 931 978 11.
955 918 1101 997 “evening
1124 917 1216 996 (sero)
1230 918 1256 989 ;”

155 1031 213 1091 Ex.
229 1053 303 1091 xxx.
319 1032 346 1091 8.
362 1035 413 1091 “at
426 1052 499 1112 oven
517 1031 639 1108 (sero)‚''
654 1039 684 1092 et
698 1030 767 1091 Isai.
783 1053 811 1092 v.
828 1033 874 1091 11.
891 1031 998 1110 “night
1020 1029 1139 1108 (nox).'’
1182 1029 1258 1090 Con-

155 1155 255 1205 textus
269 1147 402 1204 omnium
419 1147 525 1205 horum
542 1145 675 1204 locorum
696 1156 867 1224 propugnat
885 1167 1004 1205 sensum
1019 1145 1175 1224 particula
1195 1149 1257 1218 ὀψὲ,

156 1281 243 1338 quem
260 1259 408 1319 Dominus
422 1269 522 1319 noster
533 1269 659 1338 usurpat
673 1261 754 1338 apud
767 1259 863 1319 Mare.
875 1260 939 1320 xiii.
953 1260 1018 1332 35.;
1032 1260 1104 1320 hinc
1118 1259 1258 1354 Christus

155 1373 319 1432 resurrexit
333 1382 402 1431 ante
417 1373 550 1462 primam
562 1371 697 1450 vigiliam
713 1373 808 1432 noctis
822 1372 882 1431 diei
898 1371 1073 1432 Dominieae.

194 1486 317 1547 Marcus
332 1487 451 1565 quidem
468 1496 497 1546 et
511 1486 533 1547 J
535 1507 644 1546 oannes
666 1497 791 1546 narrant
806 1481 944 1546 mulieres
960 1486 1049 1546 ivisse
1072 1491 1148 1558 πρωί
1160 1506 1258 1546 mane.

153 1601 270 1661 Verum
282 1602 313 1660 id
325 1602 424 1661 etiam.
448 1601 562 1660 Mirum
572 1621 610 1660 ne
618 1610 662 1660 est
672 1610 706 1660 ut
716 1599 854 1660 mulieres
864 1600 1034 1679 sepulcrum
1048 1600 1189 1679 petierint
1199 1609 1257 1660 sta-

155 1713 208 1773 tim
225 1734 260 1772 ae
271 1712 437 1773 Sabbatum
453 1712 588 1772 elausum
603 1723 647 1772 est
657 1713 696 1772 ad
708 1712 777 1773 solis
789 1733 936 1785 oceasum,
948 1722 1038 1791 atque
1049 1713 1157 1772 iterum
1169 1733 1258 1772 mane

68 1815 70 1818 ¹
153 1826 312 1904 proximo?
353 1825 482 1885 Minime
495 1827 629 1904 gentium
652 1825 749 1904 plane.
791 1825 936 1886 Narratio
954 1825 1094 1885 Matthaei
1115 1846 1173 1885 non
1190 1846 1258 1885 eon-

154 1941 238 1999 venit
265 1960 332 1998 eum
361 1938 416 1998 illa
443 1938 543 1998 Marei
564 1948 594 1998 et
614 1938 742 1999 Joannis
770 1938 808 1998 ob
836 1939 914 1998 hane
942 1940 1062 2017 praecise
1090 1940 1256 1998 rationem:

153 2052 317 2112 Matthaeus
341 2061 446 2112 narrat
470 2053 550 2131 quod
575 2053 706 2113 oeeurrit
720 2054 753 2112 ia
774 2055 875 2131 prima
898 2054 1020 2130 vipitia;
1042 2053 1113 2111 dum
1129 2051 1181 2111 alii
1197 2052 1257 2112 duo

153 2176 279 2226 narrant
290 2167 369 2244 quod
375 2165 480 2256 'locum
493 2165 601 2225 habuit
612 2168 645 2224 ia
660 2173 764 2245 quarta
775 2167 885 2243 vipitia.
911 2166 1062 2244 Perquam
1078 2187 1154 2244 aegre
1170 2164 1259 2244 plane

153 2301 214 2338 una
226 2280 388 2358 eademque
399 2290 496 2357 posset
506 2301 567 2339 esse
578 2301 624 2338 res
634 2281 640 2338 i
664 2279 763 2338 Lucas
772 2300 867 2358 neque
878 2280 975 2340 utitur
987 2284 1039 2348 ὀψὲ
1054 2301 1108 2340 nee
1119 2285 1195 2352 πρωί
1206 2280 1257 2339 sed

154 2394 259 2466 ὄρθρου
274 2392 516 2463 βαθέως-ναίἀθ
531 2393 666 2453 diluculo
678 2417 685 2466 ;
707 2394 757 2453 sed
772 2394 927 2455 evidenter
940 2395 1003 2472 ipse
1017 2393 1151 2472 loquitur
1165 2395 1203 2454 de
1213 2415 1257 2467 e0,

153 2507 232 2584 quod
254 2507 364 2566 accidit
379 2527 474 2565 mane.
516 2506 679 2566 Matthaeus
699 2516 817 2566 tantum
843 2507 907 2584 agit
931 2506 968 2565 de
997 2526 1039 2579 eo,
1055 2508 1135 2584 quod
1157 2506 1256 2566 locum

153 2619 261 2679 hahuit
283 2639 366 2690 ser03
388 2639 492 2678 verum
508 2618 571 2678 sine
592 2620 654 2697 ejus
676 2618 853 2691 testimonio,
869 2618 949 2696 quod
971 2618 1109 2679 Christus
1130 2640 1258 2679 resurre-

72 2816 74 2818 Υ
153 2733 233 2792 xerit
247 2743 318 2793 ante
332 2734 460 2811 primam
477 2732 623 2811 vigiliam,
639 2753 792 2811 nunquam
809 2741 905 2810 posset
919 2732 1006 2810 plene
1021 2731 1151 2810 probari.

194 2846 620 2917 affirmassem—Nola
635 2854 673 2906 ast
695 2847 850 2905 aaatorttas
863 2846 894 2904 in
910 2844 1015 2906 Graeco
1030 2846 1124 2905 relate
1138 2848 1176 2905 ad
1192 2868 1258 2906 ver·

153 2960 225 3038 hum
243 2960 322 3020 “est'’
338 2960 419 3037 apud
432 2959 506 3019 Luc.
521 2960 606 3019 xxiv.
623 2961 669 3019 21.
692 2959 818 3037 Cleopas
833 2979 894 3018 non
908 2958 988 3018 dixit
999 2958 1107 3018 “hodie
1118 2965 1157 3018 ast
1168 2959 1257 3019 tertia

153 3074 243 3133 dies.”
285 3073 422 3133 Verbum
452 3072 599 3152 originale
620 3073 768 3151 reperitur
795 3073 1059 3151 septuaginta-una
1081 3072 1197 3132 vicibus
1225 3073 1256 3131 in

154 3186 243 3246 Novo
264 3186 464 3258 Testamenta
479 3195 509 3246 et
531 3186 580 3245 hio
600 3196 643 3246 est
666 3187 771 3246 unicus
793 3185 876 3245 loeus
900 3185 950 3245 ubi
974 3174 1092 3246 versum
1116 3195 1160 3245 est
1184 3206 1257 3246 voce

153 3304 215 3359 “est
227 3300 253 3359 !’'
295 3298 364 3358 Non
380 3310 424 3359 est
437 3301 567 3378 spatium
584 3309 617 3358 ut
631 3299 721 3377 plura
735 3299 842 3358 dicam.

194 3413 618 3483 DECIMA-aulana—Jadoei
646 3412 788 3470 babebaat
815 3414 937 3488 triptota
965 3411 1092 3471 Sabbata
1120 3413 1153 3470 ia
1179 3433 1257 3471 aaao

151 3533 256 3604 prater
270 3525 554 3606 quinquaqinta-duo
567 3525 692 3585 Sabbata
707 3526 832 3601 septima
844 3523 911 3583 diei.
923 3523 1016 3583 Num.
1028 3524 1135 3583 xxviii.
1149 3525 1195 3584 18.
1209 3525 1257 3584 25.

154 3639 211 3711 26„
226 3640 312 3698 xxix.
329 3639 357 3698 1.·
369 3641 395 3699 7.
412 3640 458 3698 12.
475 3640 531 3710 35.,
553 3638 627 3698 Lev.
653 3637 737 3696 xxvi.
761 3637 787 3708 2,
803 3637 849 3695 34.
873 3637 919 3696 35.
943 3637 989 3695 43.
1032 3636 1107 3696 Haec
1122 3635 1257 3696 Sabbata

152 3752 338 3830 incipiebant
369 3753 438 3812 solis
460 3773 575 3824 occasu,
597 3761 627 3810 et
647 3751 784 3829 proxime
805 3751 939 3828 sequenti
958 3750 1027 3809 solis
1049 3771 1153 3810 occasu
1174 3749 1256 3809 finie-

151 3867 273 3927 bantur.
317 3866 391 3926 Lev.
413 3866 500 3925 xxiii.
517 3866 563 3926 32.
606 3865 682 3924 Haeo
696 3863 830 3931 Sabbata
844 3871 931 3924 erant
950 3863 1093 3936 mobilia;
1115 3873 1145 3923 et
1158 3864 1255 3942 spatio

152 3990 263 4058 septem
280 4000 436 4052 annorum,
451 3979 624 4038 incidebant
638 3978 668 4036 in
689 3997 932 4055 unamquamque
946 3978 1025 4036 diem
1039 3975 1236 4036 hebdomadis
1250 3999 1256 4036 :

152 4094 223 4153 hiue
243 4093 366 4152 fuerunt
386 4092 549 4171 aliquando
575 4091 632 4150 duo
656 4089 783 4150 Sabbata
798 4089 897 4149 eadem
916 4090 972 4164 die,
987 4090 1031 4149 uti
1046 4089 1127 4168 apud
1143 4089 1254 4150 Matth.
