2932 4860
481 605 677 659 DISQUISI'I'IO
697 606 981 651 calamo-mauce.

179 1246 281 1298 menta
294 1239 365 1318 ejus,
380 1238 530 1298 mittentes
543 1248 651 1300 sortem
666 1259 755 1318 super
768 1239 818 1312 eis,
833 1240 900 1318 quis
914 1240 987 1319 quid
1001 1240 1146 1301 tolleret.”
1200 1241 1284 1303 Hae-

180 1377 265 1428 tenus
280 1367 321 1429 D.
339 1367 475 1429 Watson.

221 1500 446 1579 54.—Legenti,
461 1520 551 1578 quam
574 1500 662 1561 modo
676 1501 809 1579 exposui,
824 1501 1105 1562 demonstrationem
1123 1502 1158 1562 ol.
1176 1503 1285 1564 adver·

183 1629 264 1702 sarii,
278 1638 382 1707 sponte
404 1629 467 1689 haeo
487 1649 548 1705 sese
573 1630 658 1689 offert
686 1630 854 1690 observatio
875 1631 1020 1692 facienda.
1063 1631 1114 1691 Ex
1134 1634 1285 1693 sententia

179 1768 353 1839 praenotata,
369 1759 506 1820 Christus
530 1759 597 1820 ideo
625 1759 763 1833 traditus,
785 1780 896 1839 passus,
919 1769 1063 1833 mortuus,
1087 1760 1285 1840 sepultusque

180 1890 291 1950 dicitur
311 1889 360 1950 die
380 1888 473 1951 XIV.
488 1888 619 1974 NIsanis,¹
634 1890 705 1968 quia
726 1891 838 1968 paseha
858 1890 955 1970 legale
976 1890 1185 1965 Hebraeorum,
1201 1893 1284 1971 quod

120 2078 122 2082 ,
180 2021 244 2099 ipse
258 2020 430 2081 immediate
444 2029 604 2098 antequam
620 2040 655 2080 ea
672 2020 774 2080 omnia
784 2030 936 2098 pateretur
947 2020 1119 2094 celebravit,
1130 2022 1287 2083 incidebat

178 2150 259 2210 inter
272 2170 408 2210 occasum
424 2149 483 2209 diei
498 2148 594 2209 XIII.
609 2158 639 2209 et
652 2148 735 2210 XIV
736 2171 760 2221 .;
782 2150 862 2210 unde
883 2150 908 2210 si
930 2150 1071 2229 paschale
1084 2151 1194 2211 festum
1209 2173 1283 2230 prae·

180 2281 304 2354 dictum,
325 2301 384 2342 non
407 2281 453 2341 uti
475 2279 524 2341 hic
545 2280 703 2353 adseritur,
717 2280 768 2340 sed
791 2280 869 2341 inter
892 2300 1028 2341 occasum
1051 2280 1111 2340 diei
1134 2280 1231 2342 XIV.
1254 2292 1284 2343 et

180 2410 255 2472 XV.
267 2432 286 2471 a
299 2409 413 2472 <Iudaeis
429 2410 584 2489 agebatur,
599 2409 736 2470 Christus
756 2430 874 2489 quoque
896 2411 953 2470 hae
976 2410 1024 2471 die
1045 2410 1122 2472 illud
1147 2413 1285 2492 peregit;

179 2559 215 2599 ao
228 2539 353 2618 proinde
366 2539 425 2599 diei
440 2538 515 2600 XV.
530 2549 618 2600 erunt
631 2539 829 2600 adscribenda
842 2560 964 2619 eaquae
978 2540 1014 2601 el.
1029 2541 1221 2603 adversarius
1233 2543 1283 2604 die

179 2668 269 2730 XIV.
284 2678 353 2729 aeta
366 2689 427 2729 esse
440 2669 633 2731 existimavit.
655 2669 752 2748 Atqui
766 2691 871 2732 revera
886 2671 1009 2732 Hebraei
1023 2691 1108 2732 sacra
1123 2673 1281 2750 paschalia

179 2801 364 2880 peragebant
378 2801 499 2860 ineunte
512 2800 561 2861 die
577 2800 652 2862 XV.
667 2802 775 2861 mensis
796 2800 935 2874 Nisanis3
956 2802 1047 2880 idque
1067 2822 1102 2862 eo
1123 2803 1282 2880 probatur,

130 2984 132 2987 ,
180 2930 261 3009 quod
283 2930 453 2991 testimonia
475 2951 513 2990 ex
537 2929 615 2990 libro
638 2929 697 2990 Ex.
719 2939 749 2991 et
773 2929 865 2991 Dent.
893 2931 1079 3010 deprompta,
1100 2941 1130 2992 et
1156 2953 1283 2994 numero

181 3061 359 3140 praecedenti
374 3061 475 3134 citata,
490 3081 572 3121 secus
586 3081 622 3121 ae
636 3061 672 3121 ol.
688 3060 877 3122 adversarius
892 3060 967 3134 vult,
979 3059 1108 3138 intelligi
1122 3059 1235 3122 debent
1249 3063 1287 3122 de

93 3206 96 3211 ·
179 3191 317 3250 secundis
330 3191 461 3270 vesperis
475 3190 534 3250 diei
549 3189 639 3251 XIV.
682 3190 766 3270 Ergo
780 3191 829 3250 die
843 3189 918 3251 XV.
930 3189 1068 3250 Christus
1082 3192 1195 3269 paseha
1210 3193 1282 3252 eele-

179 3319 292 3391 bravit,
306 3319 436 3380 traditus
451 3328 602 3398 praeterea,
617 3340 730 3397 passus,
744 3332 888 3392 mortuus,
903 3319 1096 3398 sepultusque
1110 3319 1178 3380 fuit.
1221 3319 1281 3381 Ita-

179 3468 238 3526 que
251 3447 441 3528 probandum
463 3449 596 3522 adsumo,
611 3449 704 3509 verba
727 3448 786 3508 Ex.
812 3447 878 3526 (xii.
894 3448 953 3524 6;):
984 3448 1025 3507 Et
1045 3447 1195 3508 servabitis
1218 3470 1279 3509 eum

179 3601 267 3660 usque
291 3580 332 3640 od
352 3581 624 3660 quartamdecimam
645 3579 721 3640 diem
741 3582 846 3640 marmio
864 3579 970 3659 bajus:
991 3579 1204 3660 Immolabitque
1218 3601 1280 3640 eum

179 3711 316 3771 uniuersa
335 3710 487 3770 multitudo
500 3711 633 3790 filiorum
653 3710 749 3770 Israel
768 3709 808 3769 ud
821 3730 984 3789 semerom
1005 3717 1034 3769 et
1054 3708 1144 3769 Deut.
1162 3709 1240 3787 (xvi.
1256 3711 1281 3770 1.

181 3839 241 3918 6.):
270 3839 394 3901 Obaerua
407 3861 528 3900 maman
549 3860 689 3900 nouorum
702 3839 972 3918 frequentaverat
988 3841 1118 3918 primm
1139 3843 1283 3915 temporis,
