2932 4860
184 591 242 651 135
485 608 681 662 orsoursrrro
702 608 988 652 oarrrconmnror.

183 1259 245 1335 12.)
267 1267 296 1318 et
318 1257 392 1317 Luc.
416 1255 505 1334 (xxii.
527 1254 570 1332 7.)
592 1253 707 1314 Pascha
727 1253 804 1313 illud
823 1253 934 1332 parari,
950 1263 981 1314 et
1003 1251 1147 1313 celebrari
1170 1250 1288 1329 legitur

180 1390 279 1468 prima
300 1389 349 1448 die
368 1387 551 1464 Azymorum.
593 1385 636 1445 Et
649 1385 739 1445 fuisse
754 1383 786 1444 id
806 1384 962 1445 Paschatis
977 1384 1058 1460 apud
1073 1383 1195 1445 Judaeos
1209 1382 1286 1442 cele-

181 1517 289 1577 braudi
304 1516 434 1577 solemne
448 1526 564 1593 tempus
586 1515 694 1575 docent
716 1515 773 1574 ista
795 1514 903 1588 Marci,
918 1515 1022 1574 Pm'ma
1035 1513 1210 1591 Azymomrm
1226 1513 1286 1585 die,

181 1669 239 1729 quo
252 1645 366 1707 Pascha
379 1645 573 1729 immolabunt,
584 1664 692 1720 nempe
705 1643 727 1705 J
727 1643 813 1704 udaei.
849 1645 933 1721 Quin
949 1644 1048 1705 Lucas
1062 1644 1105 1704 ita
1117 1644 1287 1722 oportuisse

180 1778 245 1838 fieri
268 1776 377 1836 diserte
401 1775 513 1846 asserit,
545 1736 629 1837 Venit
653 1773 780 1851 (prima)
803 1773 864 1833 dies
884 1772 1068 1852 Amatorem,
1093 1793 1151 1852 quo
1170 1772 1287 1850 poneba

181 1909 302 1968 mactari
316 1908 448 1984 oportuit.
490 1905 626 1978 Frustra,
637 1904 662 1965 si
676 1904 813 1965 Christus
827 1904 948 1965 solitum
960 1912 1077 1982 tempus
1092 1903 1285 1981 anticipavit,

141 2076 143 2079 .
181 2001 370 2116 nequeenim
384 2037 428 2096 ita
442 2034 714 2097 fierinecessefuit.
757 2034 874 2095 Eodem
885 2035 1023 2113 pertinet,
1036 2034 1115 2113 quod
1128 2033 1287 2112 discipulis

181 2168 261 2228 dixit
290 2166 416 2244 (Matth.
439 2166 524 2226 xxvi.
551 2164 611 2239 2.):
633 2165 726 2238 Scitis,
751 2164 827 2244 quod
845 2170 912 2243 post
936 2163 1057 2224 biduum
1083 2163 1192 2242 parcho
1212 2165 1288 2241 fict,·

180 2318 286 2376 nempe
300 2317 319 2356 a
332 2295 355 2357 J
356 2296 455 2356 udaeis.
477 2296 548 2372 Qua
562 2295 627 2374 ipsa
641 2304 739 2355 mente
753 2295 864 2356 dicitur
878 2295 973 2356 Marc.
990 2296 1066 2373 (xiv.
1083 2295 1125 2371 1.)
1139 2316 1145 2354 :
1166 2295 1285 2354 Pusebo

180 2433 283 2497 autem
298 2433 323 2486 et
336 2425 447 2504 Azyma
461 2431 544 2484 cruat
558 2430 625 2502 post
639 2424 711 2484 duos
724 2423 793 2484 dies.
835 2423 943 2503 Itaque
961 2444 1029 2484 cum
1044 2433 1111 2502 post
1124 2423 1199 2484 duos
1214 2423 1285 2484 illos

180 2559 242 2620 dies
261 2557 378 2619 Pascha
400 2556 563 2618 celebravit
587 2556 732 2630 Christus,
748 2556 911 2617 celebravit
932 2577 991 2634 quo
1013 2565 1146 2635 tempore
1167 2555 1285 2616 Pascha

180 2688 281 2762 fiebat,
295 2697 325 2748 et
338 2687 449 2766 Azpmo
464 2658 644 2765 erantapud
658 2686 788 2748 Judaeos.
830 2687 873 2747 Et
893 2687 956 2747 dies
973 2707 1107 2766 sequens,
1120 2707 1180 2766 quo
1195 2686 1285 2747 Chri-

179 2829 243 2882 stus
263 2818 401 2892 traditus,
416 2828 446 2879 et
467 2818 548 2879 cruci
568 2818 647 2879 fixus
667 2828 719 2892 est,
734 2819 826 2880 festus
848 2819 914 2881 fuit.
957 2820 1089 2880 Proinde
1122 2819 1285 2882 Barabbas

179 2950 324 3010 liberatus
338 2958 390 3023 ost,
405 2951 477 3027 quia
490 2949 565 3010 festo
580 2949 632 3010 illo
646 2950 762 3010 solebat
772 2971 839 3011 reus
852 2951 962 3030 aliquis
978 2951 1055 3011 liber
1069 2951 1190 3012 dimitti.
1233 2953 1284 3013 Ita

178 3080 309 3140 habetur
323 3079 434 3140 Matth.
451 3079 560 3157 (xxvii,
578 3079 761 3158 15.)‚Marc.
778 3081 844 3153 (xv.
861 3079 913 3158 6.),
929 3080 1004 3141 Luc.
1027 3081 1128 3159 (xxiii.
1144 3081 1218 3160 17.),
1233 3082 1283 3144 Jo.

181 3214 281 3292 (xviii.
303 3213 375 3289 39.).
417 3212 508 3274 Unde
529 3233 640 3274 novum
664 3213 789 3291 emergit
806 3223 1026 3292 argumentum.
1069 3211 1151 3272 Nam
1172 3213 1280 3274 festum

178 3343 257 3402 illud
272 3342 502 3403 celebrationem
517 3341 666 3402 Praetutia
687 3342 824 3418 proxime
845 3363 969 3421 sequens
993 3363 1051 3403 non
1075 3342 1174 3421 potuit
1196 3343 1281 3404 aliud

178 3491 249 3544 esse,
263 3491 353 3549 quam
374 3470 482 3531 festum
503 3471 686 3549 Azymorum,
701 3472 738 3532 de
759 3492 818 3551 quo
840 3472 947 3546 Moses,
962 3473 1037 3534 Lev.
1060 3472 1161 3545 (xxiii.
1177 3475 1204 3535 5.
1221 3475 1282 3549 6.):

180 3600 278 3660 Pm‘mi
290 3601 395 3660 mensis
408 3599 456 3660 die
470 3598 686 3678 decimaquarta
705 3604 782 3662 inter
796 3602 870 3662 duaa
883 3624 1013 3680 oeaperua
1026 3604 1080 3662 erit
1093 3602 1208 3695 Pascha
1222 3605 1283 3664 Do-

179 3732 266 3790 mino.
308 3729 349 3788 Et
362 3709 489 3808 &uadem
501 3731 606 3790 omnnia
624 3731 672 3791 die
686 3730 900 3812 decimaquinta
912 3732 1019 3810 festum
1039 3732 1215 3811 Azyrnorum
1229 3729 1283 3793 erit

179 3859 317 3920 Domino.
358 3859 497 3919 Firmum
512 3870 613 3921 manet
634 3863 735 3941 itaque
755 3861 910 3923 Christum
931 3862 996 3941 ipsa
1016 3862 1115 3941 prima
1138 3863 1186 3923 die
1201 3863 1281 3941 Azy·
