2932 4860
477 569 673 624 DISQUISITIO
693 568 979 611 cumcoumuluA.

185 1080 349 1159 quamdam
362 1100 429 1139 cum
442 1079 478 1139 iis
488 1078 585 1151 rebus,
599 1087 690 1158 atque
704 1087 858 1156 assumpta
870 1076 893 1138 J
894 1097 958 1138 onae
971 1076 1112 1156 imagine,
1126 1077 1280 1137 connexio

181 1230 260 1283 nem,
274 1210 400 1288 proinde
414 1214 483 1264 κατὰ
497 1213 599 1285 σχέσιν.

223 1342 338 1402 3.-Re
359 1340 479 1420 quidem
502 1360 582 1413 vera,
597 1349 753 1400 contextus
775 1339 805 1399 id
820 1339 915 1418 exigit
936 1339 1117 1409 neeessario;
1138 1338 1181 1398 sio
1202 1338 1278 1398 enim

183 1468 290 1530 habet:
332 1468 383 1529 Ad
405 1469 531 1530 salutem
554 1468 677 1528 reduxit
697 1467 835 1529 Christus
855 1469 988 1548 quadam
1009 1469 1058 1529 die
1079 1469 1179 1529 virum
1194 1470 1279 1529 adae

182 1622 269 1661 mone
283 1599 442 1672 obsessum,
456 1599 604 1678 simulque
625 1620 746 1658 coecum
767 1609 797 1659 et
817 1609 942 1659 mutum.
985 1598 1094 1659 Turbae
1107 1599 1165 1659 hoo
1186 1600 1280 1660 obser·

182 1741 287 1791 vantes
315 1730 504 1804 miraculum,
531 1743 661 1809 stupore,
689 1730 946 1812 admirationeque
975 1733 1109 1805 affectae„
1124 1731 1279 1792 clamant:
1344 1716 1347 1723 ¹

182 1860 335 1940 Numquid
349 1860 395 1920 lio
409 1867 448 1920 eat
453 1861 538 1939 filias
551 1859 679 1919 Dauid?
699 1859 730 1918 id
745 1869 789 1920 est
803 1859 928 1920 Messias
941 1859 995 1920 ille
1010 1861 1096 1921 toties
1111 1862 1279 1940 promissus,
1308 1893 1310 1901 ·

182 1993 298 2053 tamdiu
313 2002 496 2071 expectatus,
511 1992 562 2070 qui
582 2012 741 2071 exgenere
763 1991 867 2051 David
881 1992 1002 2051 futurus
1019 1992 1159 2051 creditur.
1203 1992 1279 2052 Pha-

183 2124 268 2195 risaei,
283 2123 363 2183 hisoe
377 2124 488 2183 auditis
502 2123 611 2196 verbis,
625 2123 832 2202 indignatione
846 2132 936 2202 atque
950 2123 996 2182 ira
1011 2123 1147 2201 correpti,
1157 2124 1277 2184 dicunt:

182 2253 244 2312 Hic
254 2270 313 2312 ooo
325 2253 553 2330 ejicit‘doemoaes
560 2253 620 2312 uisi
628 2255 663 2319 ia
674 2252 831 2312 Beelzebub
840 2253 978 2331 principe
988 2252 1205 2325 demoniorum,
1216 2263 1279 2314 tan·

181 2404 271 2462 quam
290 2382 404 2442 diaboli
423 2382 567 2455 minister,
581 2382 705 2461 magicis
719 2382 843 2443 artibus.
863 2382 1001 2442 Christus
1018 2383 1112 2442 sciens
1126 2383 1279 2461 cogitatio·

182 2535 232 2572 nes
246 2534 357 2587 eorum,
367 2514 502 2592 increpat
512 2514 644 2592 ipsorum
658 2513 908 2585 incredulitatem,
917 2534 1006 2591 seque
1019 2514 1160 2573 adfirmat
1174 2514 1278 2592 ejicere

181 2647 328 2706 damonae
343 2647 374 2704 in
388 2646 495 2724 spiritu
510 2646 586 2725 Dei;
609 2646 701 2705 immo
715 2645 813 2724 ipsum
828 2665 888 2705 esse
903 2644 1054 2717 Messiam,
1068 2645 1171 2705 subdit
1181 2646 1277 2705 enim:

180 2776 214 2837 Si
235 2796 285 2853 apo
305 2778 339 2834 io
359 2776 474 2854 Spiritu
493 2775 554 2835 Dei
574 2777 656 2856 ejicio
678 2775 826 2848 damona,
847 2777 941 2852 igitur
957 2776 1088 2853 peruenit
1108 2777 1141 2836 ia
1161 2797 1208 2835 uos
1236 2797 1278 2835 re·

179 2928 269 2986 gaam
283 2907 352 2967 Dei.
372 2907 410 2967 Se
424 2906 521 2986 ipsum
537 2916 566 2967 et
580 2908 743 2968 adventum
763 2928 850 2967 suum
871 2927 996 2985 regnum
1013 2906 1072 2965 Dei
1094 2916 1192 2978 vocat,
1205 2907 1277 2985 quia

182 3038 303 3097 initium
318 3038 377 3097 fuit
391 3037 475 3116 regni
490 3037 558 3109 Dei,
573 3047 602 3097 et
616 3038 733 3097 aditum
747 3036 833 3098 nobis
847 3038 887 3096 ad
901 3036 977 3097 illud
992 3036 1139 3115 patefecit.
1182 3035 1276 3106 Tunc,

179 3169 335 3228 audientes
359 3168 512 3228 Christum
543 3167 632 3229 claris
659 3189 721 3228 sese
748 3169 825 3228 notis
856 3168 1010 3228 ostendere
1036 3167 1132 3226 tilium
1163 3167 1277 3239 David,

181 3298 293 3358 Scribae
306 3310 336 3358 et
350 3297 492 3358 Pharisaei
507 3297 631 3358 dicunt:
652 3299 803 3376 Magister,
816 3299 944 3357 uolumus
958 3320 976 3355 a
990 3305 1015 3356 to
1035 3298 1150 3374 siquam
1171 3297 1278 3364 eadere,

120 3431 123 3438 '
179 3429 219 3489 ad
239 3429 297 3489 hoc
317 3429 421 3507 procul
443 3427 545 3502 dubie,
567 3438 600 3489 ut
620 3429 710 3489 fidem
731 3429 894 3508 adjungere
916 3429 975 3489 tuis
995 3428 1139 3506 possimus
1167 3428 1276 3498 verbis,

179 3559 288 3639 quibus
312 3559 439 3638 teipsum
468 3559 564 3618 filium
594 3580 654 3619 esse
676 3558 779 3620 David
805 3559 955 3637 praedicas.
998 3557 1133 3636 Signum,
1148 3558 1229 3635 quod
1254 3557 1276 3616 ii

181 3688 247 3749 heic
261 3689 503 3767 conspiciendum
517 3688 680 3767 postulant,
694 3698 738 3748 est
751 3687 873 3766 aliquod
888 3687 999 3747 mirum
1013 3687 1044 3745 in
1059 3686 1163 3746 ordine
1177 3687 1276 3765 physi-

177 3839 213 3880 oo
226 3818 407 3896 patrandum
419 3839 426 3889 ;
440 3817 489 3878 vel
500 3819 530 3876 in
543 3838 655 3877 morem
672 3817 749 3877 Eliae
762 3817 861 3896 ignem
877 3818 914 3877 de
927 3816 1049 3877 sublimi
1060 3816 1172 3888 venire,
1183 3817 1233 3876 vel
1243 3817 1274 3875 in

177 3946 403 4007 similitudinem
424 3946 572 4006 Samuelis
590 3948 723 4026 tempore
736 3946 839 4008 aestivo
853 3957 957 4007 contra
978 3956 1117 4006 naturam
1140 3946 1197 4006 loci
1212 3967 1276 4007 mu·
