2932 4860
490 602 685 656 meQUlsI'rlo
705 604 991 648 offirmo-mauce.

183 1101 282 1180 quarti
297 1104 404 1164 mensis
418 1102 560 1184 Nisanis];
581 1126 617 1165 ac
639 1105 765 1184 proinde
789 1125 895 1167 verum
919 1116 1020 1166 manet
1042 1127 1134 1185 supra
1156 1107 1287 1185 positum

183 1233 322 1293 axioma:
357 1227 803 1331 οἱ’πηκ]51ηη5’5ηη113ψι,
824 1238 857 1295 in
879 1237 1027 1315 sacrifieiis
1048 1257 1105 1296 eor
1127 1240 1206 1297 venit
1223 1244 1290 1315 port

184 1364 268 1425 diem.

221 1492 394 1554 ‹tt-Hinc
407 1494 469 1554 ruit
483 1514 535 1573 per
549 1514 580 1554 se
593 1493 673 1573 quod
687 1492 724 1554 el.
739 1494 928 1555 adversarius
942 1514 1066 1554 numero
1079 1514 1159 1555 nono
1174 1495 1279 1572 ponit:

186 1623 278 1685 “Dies
305 1645 429 1703 sequena
457 1625 522 1702 (xv.
545 1623 668 1701 mensis)
696 1634 761 1686 eret
788 1645 903 1704 semper
926 1624 1122 1686 Sabbatum.”
1164 1600 1287 1686 Etenim

182 1755 293 1834 paseha
307 1753 515 1816 celebrabatur
529 1756 607 1815 inter
619 1755 709 1820 finem
725 1755 818 1816 XIV.
833 1767 863 1816 et
877 1755 997 1816 initium
1012 1755 1085 1818 XV.
1100 1757 1161 1817 diei
1176 1757 1287 1818 mensis

182 1884 321 1959 Nisania;
343 1905 414 1964 ergo
438 1885 516 1946 inter
540 1885 731 1946 festivitatem
758 1885 927 1965 paschalem
950 1895 979 1946 et
1000 1885 1078 1945 diem
1101 1883 1174 1947 XV.
1198 1885 1287 1946 nulla

143 2082 144 2085 Ἴ
181 2025 246 2077 erat
260 2016 322 2076 dies
335 2015 522 2077 intermedia.
564 2015 623 2076 Ex.
641 2016 707 2094 (xii.
729 2016 790 2094 6.):
826 2017 867 2075 Et
886 2017 1034 2077 amabitis
1055 2037 1119 2077 eum
1139 2037 1229 2096 itaque
1244 2016 1286 2076 ad

181 2163 498 2218 QUARTAMDEOIMAM
513 2145 589 2206 diem
603 2148 707 2207 menam
721 2144 827 2223 iajiw:
848 2146 1059 2226 immolabitque
1070 2166 1134 2206 eam
1147 2147 1288 2207 universa

182 2275 334 2337 mediatio
345 2276 477 2354 filioram
491 2275 586 2336 Irraei
605 2276 645 2335 ad
658 2297 810 2354 imperari.
852 2274 931 2365 Ibid.
948 2276 1043 2354 (18.):
1065 2265 1167 2337 Rima
1180 2298 1289 2350 arenae,

181 2422 444 2478 QUARTADEGIMA
465 2405 513 2465 die
533 2407 637 2466 mairia
657 2405 697 2465 ad
716 2427 871 2483 temeram,
888 2405 1035 2466 mmedeiie
1054 2405 1174 2484 Aryma,
1193 2428 1290 2487 arque

180 2534 221 2595 ad
235 2534 312 2595 diem
325 2552 514 2594 Vleasfflam
528 2552 662 2595 PRIMAM
677 2535 804 2613 ejuadem
818 2538 923 2595 menam
935 2535 975 2595 ad
989 2556 1140 2614 tarpeiam.
1174 2535 1289 2598 Relate

181 2664 220 2725 ad
234 2685 342 2725 nomen
355 2665 514 2725 Sabbatum
528 2685 608 2738 vero,
618 2685 679 2743 quo
691 2665 753 2743 ipse
764 2664 899 2744 adpellat
909 2665 989 2725 diem
1001 2662 1072 2726 XV.
1088 2665 1155 2726 dico
1166 2687 1172 2739 3
1188 2667 1289 2728 valeo

180 2795 300 2857 nomine
323 2793 467 2882 intelligit
491 2793 571 2874 quod
595 2813 700 2855 revera
724 2803 768 2854 eat
791 2793 1039 2871 intelligendum
1069 2803 1099 2855 et
1121 2803 1194 2855 tune
1222 2815 1287 2855 non

180 2926 268 2988 video
282 2946 336 2986 cur
349 2925 448 3004 potius
468 2925 633 2998 Sabbatum,
647 2944 738 3004 quam
759 2927 886 3003 primam
907 2924 983 2984 diem
1005 2923 1179 3002 Azymoram
1201 2922 1285 2985 illud

180 3066 282 3118 vocet:
304 3055 353 3117 vel
374 3076 434 3116 non
455 3055 585 3116 intendit
604 3045 725 3114 nemine
742 3054 863 3114 sabbati·
889 3055 1018 3133 primam
1046 3053 1125 3142 diem
1148 3054 1289 3133 Azymo·

180 3205 266 3256 rum;
287 3193 317 3245 et
330 3193 403 3245 tune
416 3194 521 3245 eontra
539 3204 607 3244 eum
628 3193 699 3244 aunt
711 3191 776 3243 tum
791 3204 835 3256 ea,
849 3203 915 3261 quae
931 3183 1088 3261 (54-63.)
1104 3183 1289 3258 dictasunt,

181 3324 246 3375 tum
266 3314 436 3375 testimonia
456 3322 475 3374 a
495 3315 652 3392 semetipso
679 3315 710 3374 in
737 3336 791 3375 auo
818 3333 899 3375 num.
921 3316 948 3375 9.
970 3315 1110 3403 adducta.
1135 3314 1187 3375 Ex
1210 3317 1288 3392 (xii.

181 3445 260 3523 16.):
282 3446 465 3524 Diespiter
478 3447 533 3506 erit
545 3452 644 3505 saneta
658 3453 742 3525 atque
761 3445 901 3517 eokmaia,
917 3452 942 3504 et
958 3444 1019 3504 dier
1038 3447 1159 3522 septima
1180 3445 1285 3508 eadem

172 3579 327 3656 satieiiate
350 3577 528 3637 venerabilia.
570 3576 644 3637 Ler.
670 3577 770 3654 (xxiii.
794 3577 915 3654 4-7.):
937 3576 997 3637 Hoe
1021 3583 1087 3636 ruat
1110 3597 1177 3655 erqo
1192 3576 1286 3654 ferire

179 3709 303 3770 Demiai
315 3714 428 3780 aaaeioe,
439 3728 510 3787 quaa
520 3707 661 3767 celebrare
671 3706 776 3766 debetis
786 3707 960 3785 temporibus
973 3708 1040 3766 raia
1063 3706 1163 3766 Merrae
1171 3710 1288 3784 primo,

179 3840 394 3922 quartadecima
408 3838 455 3899 die
468 3840 573 3898 meaair
586 3837 626 3898 ad
639 3858 794 3916 vesper-rim,
809 3837 905 3898 Pham
918 3838 1042 3898 Domini
1052 3845 1110 3898 eet:
1127 3844 1153 3898 et
1167 3841 1290 3918 quinta·

179 3973 289 4034 decima
303 3972 351 4032 die
364 3971 468 4032 maaria
481 3970 583 4049 hirjats
591 3971 753 4031 solemniter
766 3970 939 4048 Azymorum
953 3970 1077 4029 Domini
1088 3975 1134 4030 eat.
1166 3969 1284 4048 Septem
