2932 4860
482 604 676 658 ulsomsmo
696 606 981 651 olomeo-ammon.

179 1114 273 1175 latine
286 1114 372 1175 reddi
387 1115 507 1176 deberet
522 1136 575 1195 per
589 1116 697 1177 intra.'’
739 1116 837 1178 Credo
851 1117 914 1178 haec
928 1118 1022 1178 verba
1035 1127 1098 1179 tam
1113 1119 1199 1180 clara
1213 1141 1288 1194 esse,

180 1254 287 1306 utnon
302 1245 458 1324 indigeant
472 1246 693 1307 commentario.
715 1245 858 1326 Sequitur
872 1247 1013 1309 Salomon
1029 1247 1167 1311 Glassius
1181 1252 1235 1329 qui
1253 1252 1286 1312 in

179 1394 276 1455 opere,
291 1376 340 1437 cui
360 1385 404 1437 est
418 1377 542 1439 titulus:
565 1378 736 1459 Philologia
751 1400 836 1440 sacra
852 1380 918 1453 (lib.
933 1379 995 1441 HI.
1009 1389 1096 1442 tract.
1112 1381 1151 1444 vi.
1168 1403 1286 1444 canone
1309 1383 1311 1387 ⁴

181 1501 238 1564 XI.
261 1505 298 1565 de
312 1506 527 1595 praepositione,
539 1505 581 1584 2.)
603 1527 662 1567 non
675 1507 771 1568 solum
787 1508 841 1568 dat
854 1528 920 1568 eam
937 1508 1186 1586 significationem
1200 1515 1286 1585 μετὰ,

180 1656 272 1716 quam
282 1636 332 1697 hic
346 1636 482 1711 defende,
493 1637 544 1698 sed
556 1637 661 1716 ipsam,
672 1636 739 1698 aliis
753 1637 915 1717 Scriptura
928 1636 1001 1698 locis
1014 1637 1162 1712 adductis,
1178 1639 1287 1700 confir·

181 1775 245 1826 mat
258 1775 288 1826 et
301 1764 431 1827 roborat.
466 1766 572 1839 “illerd,
587 1773 663 1845 poet,
678 1767 715 1827 de
728 1775 863 1846 tempore
873 1766 898 1827 si
912 1766 1086 1846 accipiatur,
1100 1767 1286 1847 quandoque

181 1918 236 1976 pro
246 1897 326 1957 intro
337 1897 485 1976 accipitur
495 1918 503 1970 ;
517 1917 567 1956 seu
578 1896 717 1957 ultimam
725 1897 867 1976 temporis
877 1906 1004 1976 partem,
1014 1917 1105 1976 quam
1116 1907 1212 1972 notat,
1222 1919 1287 1960 non

27 2015 30 2022 ¹
65 2099 68 2102 ⁴
181 2047 297 2106 semper
310 2027 400 2106 plane
413 2037 551 2087 exactam
566 2035 595 2087 et
605 2027 785 2106 praeteritam
798 2025 1026 2106 essesignificat.
1048 2026 1114 2086 Alii
1128 2025 1288 2090 dicerent:

184 2159 261 2213 Μετὰ
275 2177 335 2217 non
348 2177 464 2236 semper
478 2156 612 2217 declarat
633 2177 812 2235 consequens
832 2165 958 2236 tempus,
972 2157 1023 2217 sed
1044 2156 1227 2236 quandoque
1241 2159 1288 2219 in·

181 2285 336 2364 terjectum
351 2294 380 2346 et
394 2285 494 2345 adhuc
507 2285 619 2366 vigens.
661 2285 751 2346 Deut.
768 2286 845 2363 (xiv.
861 2285 922 2361 28.)
938 2303 1018 2349 aum
1032 2304 1100 2351 nun
1113 2281 1180 2351 obn
1198 2304 1286 2387 rupe

182 2430 299 2500 :psum
319 2430 408 2478 nutat
424 2430 498 2476 aaran
517 2430 596 2478 mm
609 2430 716 2500 qurum
736 2432 819 2489 noun
834 2410 870 2478 ἢ)
889 2431 939 2488 na,
954 2413 983 2474 A
997 2415 1061 2494 fine
1081 2418 1171 2496 trium
1191 2438 1287 2479 onno-

180 2562 246 2600 rum
273 2541 430 2618 depromito
457 2559 552 2602 omnen
572 2541 697 2602 decimos
718 2549 875 2620 proveatur
898 2546 943 2603 tui
961 2544 1011 2604 ila
1036 2566 1125 2618 anno,
1146 2553 1172 2606 et
1193 2547 1287 2608 ralia

181 2675 258 2752 quito
272 2673 352 2733 intra
365 2680 470 2752 portos
489 2681 562 2748 tuac,
577 2674 682 2735 LXX.
707 2675 784 2730 ilerd
804 2681 868 2750 τρία
882 2679 929 2750 ἔτη
946 2683 1013 2755 post
1026 2685 1082 2738 trec
1095 2700 1196 2754 canoa,
1212 2682 1245 2743 h.
1261 2703 1287 2743 e.

181 2805 278 2883 quouis
290 2805 372 2864 tertio
386 2826 473 2878 anuo,
488 2826 538 2866 seu
553 2807 634 2866 iutro
647 2813 703 2866 trec
716 2828 816 2867 canoa
841 2806 943 2869 Tertio
958 2809 1037 2869 enim
1052 2830 1132 2871 anno
1146 2810 1203 2873 hoc
1218 2812 1288 2873 fieri
1323 2901 1327 2908 ἡ

181 2932 318 3008 debebat,
332 2943 368 2994 ut
389 2955 428 2995 ex
449 2956 514 3015 cap.
531 2936 631 3014 (xxm.
657 2938 719 3015 12.)
739 2948 873 3017 apparet,
896 2938 949 2999 ubi
970 2940 1149 3019 explicatius
1170 2942 1288 3005 dicitur

181 3056 312 3126 n’u’bnn
325 3066 452 3138 minin
460 3086 539 3126 anno
548 3068 637 3138 lertio,
645 3065 795 3127 LXX'Ea
804 3075 843 3141 τῷ
853 3069 910 3124 ἔτει
920 3076 959 3143 τῷ
970 3073 1063 3142 τρίτῳ.
1080 3069 1171 3131 Deut.
1180 3072 1287 3149 (xxxi

182 3200 244 3278 10.)
260 3217 327 3264 buu
339 3215 403 3274 prm
417 3214 487 3293 ppo,
501 3218 520 3263 a
533 3197 597 3276 fine
614 3203 718 3277 septem
739 3217 892 3269 canosam,
908 3196 1014 3257 LXX.
1041 3197 1119 3253 Μετὰ
1138 3203 1210 3256 ἑπτά
1226 3203 1288 3277 ἔτη,

181 3336 250 3397 Post
262 3342 367 3415 neptem
380 3355 472 3395 annon
485 3333 515 3394 h.
529 3354 554 3393 e.
568 3333 686 3410 septimo
700 3350 787 3401 anuo,
802 3328 855 3408 qui
874 3348 970 3388 annus
991 3328 1217 3390 intermissionis
1232 3342 1289 3406 est,

181 3476 216 3527 ut
226 3466 379 3546 sequentia
389 3463 552 3525 declarant.
574 3461 596 3522 J
598 3481 637 3522 os.
650 3461 705 3539 (ix.
719 3458 782 3536 16.)
798 3477 856 3521 n’n’
871 3452 960 3521 nubo
972 3475 1055 3553 nupt)
1070 3475 1131 3532 ἠ’ῐ,
1144 3459 1186 3519 Et
1192 3460 1290 3538 faita

173 3598 236 3677 fiae
246 3599 335 3657 trium
348 3595 470 3667 dimum,
480 3592 587 3653 LXX.
602 3596 672 3661 μετὰ
688 3602 765 3664 τρεῖς
780 3591 936 3664 ἡρέραςὼ.
952 3609 976 3651 e.
991 3593 1081 3665 ἡμέρᾳ
1095 3594 1185 3666 τρίτῃ,
1196 3595 1289 3653 tertia

181 3726 237 3799 die,
251 3692 317 3804 quae
331 3723 492 3804 explicatio
507 3725 597 3801 (vers.
615 3721 769 3799 17.)01are
783 3729 875 3782 extat.
898 3721 925 3781 2.
941 3720 1015 3799 Reg.
1030 3719 1124 3801 Vulg.
1136 3722 1164 3782 4.
1181 3721 1290 3799 (xviii.

182 3855 259 3934 10.):
275 3872 342 3918 buu
355 3848 421 3918 ubo
434 3869 516 3948 nupt)
530 3845 637 3925 nunbu,
651 3851 692 3912 Et
705 3852 778 3930 cepit
792 3872 854 3910 eam
866 3849 1064 3928 (Samariam)
1076 3871 1095 3910 o
1107 3850 1173 3929 fine
1192 3854 1291 3914 trium

182 4007 335 4060 coemunt,
367 3983 470 4045 LXX.
498 3984 567 4046 Ἀπὸ
595 3985 694 4046 τέλους
721 3987 805 4054 τριῶν
835 3985 911 4054 ἐτῶν,
938 4000 990 4041 seu
1012 3986 1078 4058 poet
1104 3986 1162 4040 tres
1189 4001 1291 4045 annon
