2932 4860
184 558 224 622 45
312 558 316 565 ’
488 580 682 635 nmcumrrro
702 581 989 625 carrrccnmmcs.

181 822 230 896 sit,
244 843 299 884 sua
312 823 442 903 simplici
467 823 632 903 prasentia,
646 822 731 883 illam
753 824 902 884 extricare
924 833 1038 903 partem
1059 822 1288 903 significationis

183 954 313 1014 nominis
328 974 376 1027 nr,
391 974 457 1033 quae
470 954 669 1014 communiter
689 963 749 1014 non'
770 953 948 1015 observatur
964 954 995 1013 in
1009 975 1052 1015 eo.
1094 955 1140 1014 At
1161 975 1232 1033 pars
1251 955 1288 1014 si·

184 1085 394 1163 gnificationis
406 1085 535 1145 nominis
551 1101 598 1157 nr,
612 1105 679 1164 quas
693 1086 890 1146 communiter
912 1086 1103 1146 inobservata
1118 1096 1230 1159 manet,
1245 1097 1289 1145 est

183 1237 249 1287 noc,
264 1237 330 1294 quae
343 1216 494 1276 indicatur
508 1216 628 1276 nomine
641 1208 719 1276 nhh.
763 1215 832 1276 Hoc
846 1215 939 1294 igitur
953 1227 983 1277 et
1004 1237 1063 1276 uon
1083 1216 1168 1277 aliud
1183 1227 1227 1277 est
1241 1217 1286 1276 illi

181 1347 354 1408 addendum
380 1346 501 1407 nomini.
543 1347 648 1423 Quum
671 1345 772 1424 itaque
796 1367 857 1407 vox
872 1339 953 1418 ΓΜ,
968 1346 1025 1407 hoc
1047 1368 1127 1421 casu,
1142 1347 1204 1408 alio
1227 1369 1286 1408 non

182 1476 328 1555 fungatur
353 1496 483 1543 munere,
498 1488 605 1555 praeter
628 1475 705 1534 illud
728 1474 898 1551 extricandi
920 1476 1180 1555 significationem,
1194 1498 1286 1555 quam

184 1623 222 1669 ω’
238 1627 343 1686 perse,
357 1606 427 1666 licet
441 1605 577 1678 latenter,
592 1605 700 1677 habet;
721 1606 855 1684 sequitur
876 1626 934 1666 non
957 1626 1017 1666 esse
1038 1607 1285 1667 considerandam
1322 1666 1325 1669 ,

182 1736 302 1797 seorsim
318 1745 348 1796 et
358 1734 477 1796 divisim
492 1757 511 1796 a
526 1736 647 1796 nomine
661 1753 709 1808 nr,
720 1734 770 1795 sed
783 1735 874 1796 velut
888 1756 982 1796 unum
996 1736 1125 1796 efficiens
1138 1757 1206 1796 cum
1219 1737 1289 1808 hoc,

183 1866 242 1938 vel,
256 1866 337 1946 quod
352 1866 426 1926 mihi
441 1867 536 1945 magis
551 1867 691 1946 placeret,
705 1867 841 1928 adinstar
854 1878 932 1928 nota
952 1868 1183 1929 demonstrantis
1196 1871 1290 1949 signi-

182 1997 352 2057 ficationem
368 1997 438 2076 ejus.
459 1996 544 2058 Hine
558 1998 647 2058 ctiam
664 1999 852 2076 perspicitur,
866 2018 957 2077 quam
973 2019 1129 2078 perperam
1145 2000 1189 2078 (n.
1204 2000 1287 2079 xit),

87 2124 89 2128 ’
183 2136 296 2187 asserat
318 2126 354 2187 cl.
378 2127 576 2200 adversarius,
600 2126 764 2195 Christum,
787 2126 912 2188 laudata
935 2128 1045 2207 phrasi,
1068 2129 1199 2190 innuisse
1223 2130 1289 2192 dies

183 2256 341 2317 duodecim
355 2257 506 2316 horarum.
548 2256 676 2317 Minime
693 2277 765 2317 saue
787 2257 861 2330 hoc;
881 2256 933 2317 sed
955 2257 1034 2336 quod
1058 2278 1140 2318 more
1162 2258 1286 2320 Judaeo

181 2408 248 2448 rum
265 2388 306 2448 ibi
320 2387 510 2467 significavit,
524 2388 647 2448 filerunt
660 2397 720 2449 tres
734 2388 796 2448 dies
812 2388 973 2449 naturales.
1009 2388 1045 2449 Id
1061 2388 1231 2451 evidentius
1247 2413 1286 2452 ex

180 2517 226 2590 iis,
241 2538 308 2596 quse
325 2527 500 2595 sequuntur,
516 2517 719 2598 perspicietur.

223 2646 454 2707 24.-—Alterum
475 2641 879 2727 Rabbinorum'praeceptum
902 2649 984 2727 apud
1004 2669 1054 2710 eos
1076 2649 1188 2728 vigens,
1202 2652 1284 2728 quod

182 2777 316 2840 valerem
338 2776 458 2856 respicit
478 2774 627 2856 praedictae
646 2777 749 2856 phrasi
771 2777 975 2851 tribuendum,
1003 2779 1083 2839 hisce
1105 2781 1286 2842 enunciatur

181 2908 297 2971 verbis:
326 2905 593 2986 Quantulacumque
602 2927 677 2984 pura
690 2909 773 2979 coni,
784 2908 889 2967 mannis
899 2914 925 2968 et
935 2909 1024 2968 unitis
1035 2914 1209 2983 νυχθημέρυυ
1220 2930 1284 2969 cou-

180 3037 271 3098 cludit
291 3019 387 3110 totuin,
409 3037 489 3115 quod
510 3047 563 3109 est,
578 3057 646 3116 pars
667 3037 749 3110 anni,
771 3037 877 3097 mensis
897 3047 928 3097 et
951 3037 1011 3098 diei
1033 3037 1180 3099 naturalis
1197 3038 1282 3116 (hinc

182 3166 244 3250 dics
258 3168 284 3225 ct
297 3186 354 3225 uox
370 3166 462 3245 juxta
476 3185 619 3225 canonem
635 3165 873 3245 precedentem),
884 3166 1031 3245 accipitur
1046 3187 1100 3245 pro
1115 3177 1176 3228 tcto
1193 3189 1281 3240 anno,

181 3317 282 3356 meuse
302 3306 332 3357 et
352 3297 409 3356 die.
441 3296 488 3355 Dc
502 3317 580 3355 auno
595 3295 711 3356 disertis
731 3295 831 3357 verbis
852 3306 990 3356 monetur
1011 3297 1041 3355 in
1065 3295 1151 3357 Gem,
1173 3297 1281 3359 Rosch.

181 3426 405 3504 Hasschanu(2.
418 3428 445 3487 2.
456 3437 487 3487 et
496 3428 522 3487 7.
536 3426 577 3502 2.)
589 3436 620 3486 et
630 3424 716 3487 Geni.
728 3425 833 3486 Nidda
845 3427 908 3503 (48.
922 3426 973 3502 1.):
988 3443 1062 3490 rtem
1075 3444 1154 3491 mm
1167 3396 1229 3490 rritt
1244 3446 1280 3491 nr

180 3578 249 3632 nin,
261 3579 338 3619 uuus
352 3557 415 3618 dics
426 3559 462 3616 io
475 3577 553 3616 acuo
567 3556 688 3616 habetur
696 3578 754 3635 pre
768 3577 855 3618 anuo.
870 3557 918 3616 Dc
927 3578 1022 3617 merrae
1032 3567 1159 3636 apparet
1169 3557 1201 3616 in
1216 3559 1281 3629 hoc,

180 3690 260 3772 quod
271 3708 362 3768 quum
375 3676 562 3747 Pentecostes
572 3686 661 3746 distet
669 3707 688 3746 a
697 3685 814 3746 Pascha
825 3695 941 3747 tantum
954 3687 1051 3766 spatio
1062 3687 1281 3766 quinquaginta

180 3821 306 3892 dierum,
328 3817 461 3894 adeoque
474 3836 513 3875 ne
530 3815 658 3875 duorum
673 3815 794 3894 quidem
809 3815 973 3888 mensium;
995 3827 1095 3876 tamen
1117 3816 1279 3894 quiaillud

178 3949 309 4030 spatium
321 3947 413 4007 trium
428 3944 574 4004 mensium
586 3965 655 4023 pars
665 3943 768 4023 aliqua
782 3954 835 4019 est,
846 3953 904 4006 tres
916 3966 1029 4006 menses
1039 3945 1181 4006 dicuntur
1192 3947 1282 4008 inter·

179 4078 283 4140 cedere
303 4076 380 4136 inter
400 4084 562 4152 utrumque
580 4073 696 4134 festum.
739 4073 808 4153 Ipse
829 4073 914 4134 Deus
932 4074 965 4134 in
983 4074 1071 4134 Schir
1090 4074 1280 4136 Hasschirim

179 4207 290 4270 Rabba
298 4205 363 4284 (fol.
375 4224 426 4264 xv.
437 4203 480 4278 4.)
492 4203 535 4264 sio
545 4203 668 4282 loquens
680 4202 881 4264 introducitur
891 4204 929 4264 de
940 4203 1085 4264 Israelitis
1096 4225 1134 4264 ex
1145 4204 1281 4286 AEgypto

178 4339 303 4421 egressis
316 4353 410 4400 nrum
424 4328 524 4398 authu
536 4351 574 4410 an
588 4351 629 4399 un
642 4351 746 4411 trinu,
759 4342 790 4398 st
803 4357 875 4398 mox
892 4353 986 4401 nurui
1000 4330 1118 4401 anthus
1132 4355 1173 4402 ur
1186 4356 1280 4414 trinu
1310 4405 1312 4409 ,
