2932 4860
355 585 514 626 cuxrsrrs
533 584 652 626 mcum
672 584 708 624 m
728 584 897 626 snrt’rcuo
918 566 974 632 72
994 584 1101 627 rioms
1230 566 1286 625 xxi

179 813 318 865 seusum3
337 793 389 852 sed
404 793 461 853 hoc
474 813 568 872 genus
582 793 781 872 potest-—sicz
796 792 897 869 “Quia
911 793 989 852 sicut
1002 791 1099 853 Jonas
1111 792 1170 852 fuit
1184 792 1284 852 tribus

181 905 287 965 diebus
297 906 469 982 (duodecim
478 906 639 982 horarum)
648 916 677 966 et
688 906 786 966 tribus
794 906 933 966 noctibus
940 906 972 964 in
984 916 1089 966 ventre
1097 907 1164 977 ceti,
1174 905 1217 966 sic
1227 905 1285 965 crit

181 998 281 1078 iulius
290 1018 1285 1099 Hoministribusdiebus(du0decimt0rarum)ettribusnoctibus

181 1133 213 1190 in
224 1132 314 1191 corde
322 1133 437 1191 terrae”
461 1131 531 1192 Hoc
541 1142 630 1210 pactu
638 1132 874 1192 determinamus
883 1132 997 1210 absque
1007 1131 1071 1192 ulla
1079 1131 1164 1191 dubii
1176 1131 1285 1192 umbra

180 1245 261 1322 quod
271 1245 293 1303 ii
302 1246 386 1304 fuere
393 1245 457 1304 dies
464 1245 622 1305 duodecim
631 1245 1017 1324 horarum-quodiifirere
1025 1265 1146 1323 prorsus
1152 1244 1285 1324 separati

180 1371 211 1417 et
225 1359 358 1418 distincti
373 1380 391 1418 a
406 1358 552 1418 noctibus.
576 1357 738 1437 sicigitur,
748 1359 774 1417 si
785 1368 885 1437 partes
895 1358 1014 1418 dierum
1025 1368 1095 1418 sunt
1109 1379 1165 1437 pro
1178 1358 1285 1418 diebus

181 1473 314 1551 integris,
328 1472 439 1532 debent
453 1493 514 1532 &e
528 1484 628 1551 portes
647 1473 740 1532 trium
755 1472 965 1532 distinctorum
988 1473 1106 1532 dierum
1125 1472 1283 1533 duodecim

180 1586 343 1659 horarum;
372 1587 445 1664 quia
461 1587 498 1645 'hi
520 1597 591 1646 sunt
613 1591 660 1643 “ot
680 1587 758 1646 tres’'
781 1586 961 1664 prophetiae:
992 1597 1083 1665 atque
1106 1585 1283 1665 adimpletio

179 1700 312 1777 ejusdem
326 1701 443 1778 generis
457 1701 495 1759 sit
507 1721 624 1760 necesse
634 1710 686 1760 est
728 1699 931 1778 Supputemus
942 1700 1053 1778 igitur:
1069 1720 1162 1760 unam
1176 1700 1283 1760 horam

180 1814 241 1873 diei
256 1813 393 1886 Veneris,
407 1815 555 1892 integram
571 1814 670 1874 diem!
692 1814 849 1873 duodecim
871 1814 961 1873 horos
975 1814 1036 1873 diei
1056 1812 1284 1891 sabbati-ple-

181 1949 250 1987 nam
266 1929 362 1988 diem:
384 1929 436 1988 sed
451 1927 503 1987 ubi
518 1939 560 1989 est
575 1949 645 2006 pars
659 1928 762 2007 aliquo
774 1928 891 1988 tertiae?
932 1927 1035 1988 Tertia
1048 1928 1111 1987 dies
1125 1927 1284 1988 duodecim

181 2043 324 2101 horarum
339 2063 400 2101 non
414 2042 525 2120 incepit
540 2042 597 2101 nisi
611 2041 725 2101 oriente
738 2042 800 2102 sole
814 2041 874 2102 diei
888 2041 1071 2102 Dominicae!
1114 2041 1166 2100 Ad
1183 2051 1284 2101 noctes

180 2163 373 2241 gradiamur:
389 2173 506 2223 noctem
517 2162 576 2222 diei
588 2162 724 2234 Veneris,
739 2183 831 2222 unam
845 2185 851 2234 ;
867 2163 1006 2222 undecim
1017 2163 1106 2222 horos
1119 2162 1213 2222 noctis
1223 2162 1284 2222 diei

180 2274 317 2347 Sabbatt
331 2277 424 2347 duas;
445 2276 497 2334 sed
523 2275 576 2335 ubi
597 2285 642 2334 est
661 2273 765 2352 aliqua
786 2295 856 2353 pars
876 2275 972 2335 tertiae
994 2276 1111 2334 noctis?
1152 2273 1285 2334 Videtur

182 2389 244 2448 fere
258 2388 444 2461 incredibile,
460 2400 493 2448 ut
517 2388 642 2447 rationis
666 2409 786 2466 compos
810 2389 900 2447 homo
924 2387 1033 2466 aliquis
1059 2388 1107 2448 vel
1133 2398 1284 2449 momento

181 2502 301 2560 credere
316 2502 447 2580 potuerit
462 2511 634 2579 portentum
648 2502 710 2561 tale
724 2499 1086 2561 RomonoCntholicum?

222 2615 644 2674 murmurent—Morio
668 2615 845 2692 iliopdoleue
875 2621 901 2674 et
921 2615 1012 2673 ultera
1044 2614 1146 2673 Μανία
1173 2616 1286 2674 inomni

180 2729 222 2788 ad
245 2730 406 2806 sepulerum
435 2729 630 2788 adamussim
650 2736 717 2806 port
740 2749 867 2788 occantur
893 2734 997 2788 nostrie
1011 2727 1072 2786 diei
1091 2727 1215 2787 Sotium
1227 2749 1239 2798 ‚·
1259 2736 1286 2788 et

180 2842 327 2901 Dominus
351 2848 544 2901 resurrexerat
568 2849 634 2901 unte
658 2862 759 2900 eorum
783 2841 945 2900 adventum.
987 2840 1099 2900 Matth.
1122 2841 1231 2903 xxviii.
1255 2842 1283 2900 6.

181 2953 320 3033 Angelus
340 2953 436 3013 dixit:
460 2953 547 3013 “Non
563 2964 607 3014 est
620 2955 670 3013 hic
683 2977 689 3025 ;
714 2954 880 3014 resurrexit
894 2954 983 3026 enim,
997 2953 1073 3014 sicut
1088 2953 1196 3014 dixit.'’
1219 2953 1284 3013 Pri-

181 3089 247 3127 mus
271 3067 436 3129 versiculus
463 3068 553 3146 hujus
577 3069 684 3146 capitis
710 3068 753 3128 sic
781 3068 895 3147 incipit,
910 3067 941 3126 in
964 3067 1114 3128 communi
1140 3066 1283 3145 (duplico

179 3184 335 3259 nimitum)
350 3183 503 3242 versione:
527 3181 583 3241 “In
607 3182 693 3242 fine.’'
735 3181 785 3243 Sic
805 3182 942 3242 redditur
964 3203 1024 3243 vox
1048 3186 1109 3254 ὀψὲ,
1124 3202 1190 3260 qum
1209 3202 1283 3241 sem·

180 3317 234 3374 per
254 3294 403 3375 significat
425 3296 552 3373 primam
575 3295 712 3374 vigiliam
732 3296 902 3355 militarem.
945 3294 1040 3354 Marc.
1062 3294 1126 3354 xiii.
1149 3294 1196 3354 35.
1212 3315 1283 3373 qua·

180 3418 251 3468 tuor
284 3407 397 3487 vigiliae
430 3409 622 3486 reperiuntur
654 3408 790 3486 sequenti
818 3409 949 3468 ordine:
987 3409 1013 3466 1.
1042 3411 1135 3478 .“εθτο,
1165 3411 1226 3479 ὀψὲ,
1256 3408 1282 3467 2.

179 3522 279 3581 media
308 3531 401 3595 nocte,
424 3522 450 3582 3.
472 3521 665 3600 gallicantu,
687 3523 714 3581 4.
731 3522 959 3594 mane'’—rpot.
1003 3522 1067 3589 Ὀψὲ
1088 3520 1137 3581 hio
1158 3521 1282 3587 denotat

178 3647 239 3696 tres
257 3637 370 3715 priores
392 3637 481 3696 horos
509 3646 575 3714 post
598 3657 744 3707 occasum,
759 3644 788 3695 et
817 3640 891 3708 πρωί
913 3645 973 3695 tres
997 3644 1162 3713 postremos
1190 3636 1279 3695 horos

180 3749 284 3821 noctis,
298 3748 337 3808 ab
352 3749 428 3808 hora
442 3750 469 3808 3.
493 3748 532 3808 A.
556 3748 599 3808 M.
617 3749 656 3807 od
672 3749 710 3821 6.,
724 3749 763 3808 ed
786 3743 884 3809 ortum
906 3747 985 3808 solis.
1026 3747 1086 3808 Sex
1111 3747 1192 3808 horis
1216 3769 1282 3827 pro·

177 3862 249 3921 inde
263 3872 449 3941 separantur.
471 3862 503 3922 si
518 3862 655 3923 Christus
667 3863 830 3922 resurrexit
844 3872 1005 3940 antequam
1017 3863 1085 3922 duae
1099 3862 1207 3922 Mariae
1220 3863 1281 3924 ive

179 3993 252 4042 runt
266 3985 305 4043 ad
328 3984 491 4043 videndum
513 3983 692 4062 sepulcrum,
708 3987 760 4051 ὀψὲ
781 3985 838 4043 eive
854 3985 956 4061 ptimo
975 3983 1078 4062 cipitia
1094 3991 1160 4062 post
1173 3983 1283 4044 Sabba-

178 4105 240 4156 tum
256 4098 299 4175 (et
312 4098 354 4157 sio
378 4098 466 4158 estin
490 4096 619 4172 Graeco),
634 4106 707 4156 tunc
720 4116 780 4156 non
802 4097 967 4157 resurrexit
989 4103 1070 4170 πρωί,
1085 4097 1148 4159 sive
1171 4109 1281 4179 quarta

177 4210 285 4289 vigilio
299 4220 406 4271 nostrae
420 4211 480 4271 diei
502 4209 669 4271 Doininicae
683 4228 778 4269 mane.
821 4208 881 4270 Pro
895 4209 1121 4279 confirmatione
1135 4209 1281 4289 significa·
