2932 4860
484 602 680 657 nlsomsmo
701 604 986 650 cumcosrnmcn.

181 1107 283 1168 oribus
296 1107 409 1187 populi.
431 1107 494 1185 Qui
508 1117 608 1168 autem
623 1107 750 1169 tradidit-
764 1128 842 1182 eum,
852 1109 937 1170 dedit
951 1108 1011 1171 illis
1025 1109 1154 1189 signum,
1166 1110 1287 1172 dicens:

182 1236 411 1317 Quemcumque
425 1237 575 1299 osculatus
594 1238 689 1314 fuero,
703 1240 765 1318 ipse
779 1249 831 1314 est,
845 1250 943 1301 tenete
963 1261 1040 1302 eum.
1071 1240 1114 1303 Et
1128 1243 1284 1304 confestim

181 1367 323 1429 accedens
344 1368 383 1428 ad
405 1367 519 1440 desum,
534 1368 629 1430 dixit:
651 1368 729 1442 Ave,
743 1369 839 1430 rabbi.
881 1368 924 1431 Et
945 1369 1096 1432 osculatus
1119 1380 1164 1431 est
1186 1371 1284 1432 eum.’'

181 1497 303 1578 Peregit
315 1518 401 1559 sacra
414 1498 570 1576 paschalia
583 1507 669 1559 nocte
683 1499 743 1559 diei
757 1497 849 1560 XIV.
861 1521 867 1573 3
890 1499 952 1560 haec
965 1499 1045 1560 enim
1059 1520 1121 1560 nox
1136 1508 1203 1560 erat
1213 1521 1285 1580 prae·

179 1630 292 1707 scripta
313 1649 331 1688 a
352 1627 426 1707 lege,
441 1636 471 1688 et
487 1626 626 1689 Christus
646 1627 729 1706 apud
750 1626 862 1688 Matth.
879 1629 922 1706 (v.
946 1628 1009 1705 17.)
1025 1628 1084 1689 ait:
1106 1628 1198 1690 “Non
1213 1629 1283 1690 veni

179 1755 296 1818 solvere
310 1755 435 1836 (legem)
450 1756 501 1816 sed
515 1755 708 1835 adimplere.”
739 1755 833 1817 Horis
847 1756 963 1817 diurnis
977 1755 1059 1818 illius
1073 1757 1133 1817 diei
1147 1757 1207 1818 fuit
1222 1778 1289 1818 crn-

183 1888 300 1961 cifixus,
321 1887 433 1948 Matth.
457 1886 568 1964 (xxvii.
598 1885 738 1964 1—35.):
760 1886 873 1947 “Mane
893 1895 994 1947 autem
1015 1886 1104 1961 facto,
1128 1887 1285 1949 consilium

179 2019 312 2080 inierunt
325 2039 426 2079 omnes
439 2017 588 2097 principes
602 2017 790 2079 sacerdotum
814 2027 844 2080 et
863 2019 992 2079 seniores
1012 2018 1118 2098 populi
1139 2019 1284 2081 adversus

180 2148 296 2222 Jesum,
311 2158 345 2210 ut
359 2169 428 2208 eum
442 2148 533 2209 morti
546 2146 708 2208 traderent.
750 2146 793 2207 Et
807 2146 943 2209 vinctum
958 2145 1153 2207 adduxerunt
1163 2167 1242 2221 eum,
1253 2157 1283 2207 et

180 2278 371 2340 tradiderunt
385 2278 495 2339 Pontio
509 2277 610 2339 Pilato
623 2276 750 2356 praesidi.
791 2276 878 2337 Tunc
898 2277 1003 2339 videns
1023 2275 1131 2350 Judas,
1145 2277 1199 2354 qni
1213 2297 1280 2337 eum

180 2408 316 2484 tradidit,
331 2408 410 2489 quod
425 2409 586 2469 damnatus
605 2417 688 2482 esset,
703 2407 879 2487 poenitentia
899 2407 1016 2483 ductus,
1030 2407 1135 2468 retulit
1148 2409 1283 2488 traginta

180 2546 335 2617 argenteos
349 2536 534 2617 principibus
554 2536 743 2598 sacerdotum
761 2545 791 2598 et
804 2536 978 2610 senioribus,
1000 2536 1122 2598 dicens:
1143 2536 1281 2611 Peccavi,

179 2668 301 2729 tradens
315 2668 491 2746 sanguinem
501 2667 626 2747 justum.
668 2666 714 2727 At
734 2666 780 2727 illi
801 2667 963 2727 dixerunt:
985 2665 1069 2742 Quid
1092 2666 1131 2726 ad
1154 2668 1230 2728 nos?
1252 2675 1283 2727 tu

178 2799 299 2863 videris.
340 2798 384 2859 Et
411 2798 549 2878 projectis
576 2797 724 2876 argenteis
752 2797 784 2856 in
811 2795 933 2876 templo,
961 2797 1097 2858 recessit:
1119 2805 1149 2858 et
1177 2797 1281 2860 abiens

178 2929 287 3008 laqueo
301 2949 331 2989 se
344 2927 506 3006 suspendit.
537 2926 693 3005 Principes
707 2935 809 2987 autem
823 2925 1020 3000 sacerdotum,
1036 2927 1165 3007 acceptis
1178 2948 1282 3008 argen-

179 3060 243 3133 teis,
258 3058 421 3119 dixerunt:
443 3057 514 3118 Non
528 3056 599 3118 licet
612 3077 660 3117 eos
675 3056 792 3117 mittere
805 3057 838 3116 in
859 3055 1038 3117 corbonam:
1060 3057 1132 3136 quia
1151 3058 1281 3137 pretium

179 3187 334 3266 sanguinis
347 3196 399 3248 est.
426 3185 558 3247 Consilio
573 3199 673 3246 autem
688 3186 773 3258 inito,
787 3194 925 3246 emerunt
938 3205 976 3245 ex
990 3184 1051 3246 illis
1065 3205 1172 3264 agrum
1187 3186 1283 3266 figuli,

177 3321 210 3380 in
225 3319 410 3397 sepulturam
426 3317 659 3396 peregrinorum.
701 3315 830 3394 Propter
846 3316 904 3376 hoc
925 3324 1048 3377 vocatus
1069 3325 1114 3377 est
1127 3337 1200 3394 ager
1220 3316 1281 3391 ille,

180 3449 380 3522 Haceldama,
394 3449 452 3509 hoc
472 3457 524 3521 est,
539 3467 612 3526 ager
633 3445 795 3524 sanguinis,
811 3465 904 3524 usque
924 3445 956 3527 in
976 3444 1156 3506 hodiernum
1191 3447 1280 3508 diem.

101 3618 103 3623 ,
179 3580 266 3642 Tunc
280 3579 439 3659 impletum
453 3587 497 3639 est
511 3578 591 3656 quod
606 3578 721 3638 dictum
735 3586 779 3637 est
791 3597 845 3656 per
858 3575 1022 3640 deremiam
1037 3576 1228 3656 prophetam,
1238 3578 1282 3639 di·

179 3720 310 3773 centem:
332 3709 373 3770 Et
387 3713 557 3787 acceperunt
569 3708 692 3786 triptota
706 3712 854 3784 arqeoteoa
870 3705 996 3784 pretium
1017 3704 1184 3783 appretiati,
1200 3726 1282 3781 quem

180 3839 415 3919 appretiaverunt
428 3860 448 3897 a
454 3838 530 3917 filiis
543 3837 655 3898 Israel:
677 3842 704 3897 et
717 3834 860 3896 dederunt
873 3855 918 3896 aaa
932 3837 966 3895 io
979 3855 1084 3913 aprum
1096 3834 1196 3914 fipali
1210 3838 1283 3896 sieut

178 3971 323 4032 constituit
335 3969 408 4029 mitt
421 3969 575 4029 Dominam.
616 3966 704 4029 Jesus
718 3974 819 4026 autem
834 3966 916 4027 stetit
930 3974 1001 4027 ante
1014 3965 1179 4044 praesidem,
1193 3975 1224 4028 et
1236 3967 1279 4027 in-
