2932 4860
493 610 689 664 DISQUISITIO
709 611 994 657 ORITIOO-BIBLIOA.

188 1118 259 1170 sunt
281 1108 358 1189 (δυο.
379 1110 485 1190 Antiq.
513 1112 565 1174 lib.
587 1134 638 1175 xv.
660 1134 725 1194 cap.
749 1116 792 1176 xi.
816 1114 849 1189 ἐξ
871 1117 898 1177 5.
913 1115 956 1189 6.)
972 1118 1153 1178 continuatae
1167 1118 1295 1180 fuerunt

189 1242 335 1320 usquead
349 1262 463 1302 annum
477 1243 595 1304 circiter
614 1243 764 1305 decimum
779 1245 898 1325 imperii
911 1246 1049 1321 Neronis,
1064 1249 1117 1327 qni
1131 1251 1295 1328 respondet

188 1372 274 1432 annis
288 1392 336 1433 σοι.
351 1373 433 1452 vulg.
449 1373 496 1434 63.
511 1382 541 1434 et
555 1373 602 1434 tt.
619 1372 706 1452 (ibid.
721 1374 773 1436 lib.
795 1397 860 1450 xx.‚
874 1396 938 1457 eap.
953 1377 1005 1450 ix„
1020 1376 1036 1451 ἓ
1051 1379 1089 1451 7.,
1103 1378 1173 1440 eoll.
1189 1378 1204 1453 ἓ
1220 1382 1249 1441 5.
1265 1390 1296 1441 et

188 1523 253 1581 cap.
268 1503 319 1576 xi.‚
334 1501 349 1576 ἓ
365 1504 416 1581 1.).
458 1503 511 1564 Illi
525 1504 729 1584 quadraginta
742 1525 795 1565 sex
808 1506 882 1566 anni
897 1506 991 1586 igitur
1003 1517 1082 1581 sunt,
1096 1529 1157 1570 non
1179 1509 1293 1588 quibus

186 1633 291 1712 templi
305 1633 463 1694 aedificium
478 1633 657 1704 absolutum,
672 1633 724 1694 sed
744 1654 783 1694 ex
804 1654 863 1714 quo
884 1645 1014 1715 coeptum
1035 1637 1143 1698 fuerat:
1185 1637 1299 1717 Incep-

186 1772 251 1824 tum
267 1783 339 1825 vero
353 1762 413 1824 fuit
425 1785 505 1824 anno
526 1763 731 1826 deeimoetavo
753 1765 838 1844 regni
853 1763 995 1840 Herodis,
1010 1787 1044 1828 eo
1065 1767 1179 1829 scilieet
1198 1789 1297 1843 anno,

132 1955 134 1959 .
187 1915 246 1973 quo
261 1894 360 1956 (λυσαν
373 1895 503 1957 secundo
524 1896 608 1957 venit
621 1896 653 1955 in
674 1895 802 1975 Syriam,
817 1905 847 1958 et
860 1897 913 1977 qui
926 1898 1079 1977 inceperat
1099 1919 1167 1959 enm
1189 1920 1298 1962 mense

170 2025 307 2086 >Nisanis
321 2046 369 2086 an.
384 2025 418 2086 P.
439 2025 470 2088 J.
485 2025 573 2087 4694.
616 2025 667 2086 En
682 2026 885 2087 testimonium
905 2026 968 2089 Jos.
983 2027 1042 2090 hae
1056 2028 1094 2089 de
1108 2049 1148 2089 re.
1165 2028 1295 2110 (Antiq.

183 2155 236 2217 lib.
252 2154 334 2230 XV„
349 2176 413 2236 cap.
427 2155 499 2230 x.,§
521 2156 563 2235 3.)
577 2179 584 2218 τ
605 2155 688 2232 Ἤδη
705 2158 729 2213 δ’
752 2159 838 2216 αὐτοῦ
859 2166 911 2232 τῆς
931 2162 1078 2230 βασιλείας
1092 2165 1292 2217 ἑπτακαιδεκά-

183 2310 235 2344 του
247 2291 434 2362 παρελθόντος
445 2289 538 2362 ἔτους,
551 2286 662 2362 Καῖσαρ
675 2293 718 2353 είς
728 2288 829 2363 Συρίαν
841 2293 967 2362 ἀφίκετο.
992 2287 1020 2343 K
1019 2291 1046 2345 αὶ
1057 2292 1122 2345 τότε
1133 2295 1186 2345 τῶν
1199 2292 1295 2347 Γάδα-

182 2443 220 2495 ρα
234 2422 433 2477 κατοικούντων
459 2426 487 2479 οἱ
508 2424 633 2477 πλεῖστοι
648 2423 795 2491 πατεβόιυν
809 2418 958 2495 Ἡρώδου,
971 2421 1061 2494 βαρὺν
1077 2421 1158 2476 αὐτόν
1182 2424 1209 2477 ἐν
1225 2431 1293 2486 τοῖς

109 2590 111 2597 ·
184 2553 349 2624 ἐπιτάγμασι
365 2554 412 2607 καί
430 2552 586 2624 τυραννικόν
600 2551 679 2608 εἶναι.
695 2596 702 2611 .
719 2595 725 2608 .
742 2595 748 2608 .
765 2548 896 2624 Καίσαρα
910 2550 934 2605 δ’
951 2553 997 2607 ἐπί
1006 2552 1148 2606 Ιθάλατταν
1163 2555 1290 2624 προπέμ-

184 2685 251 2754 ψας,
267 2683 307 2743 ώς
329 2683 467 2755 ἐπανῆκεν,
483 2683 557 2756 ἐντῇ
581 2679 749 2754 Ζηνοδώρου
770 2683 1018 2754 περικαλλέστατον
1042 2681 1117 2756 αὐτῷ
1139 2682 1202 2737 ναόν
1219 2685 1290 2756 ἐγεί-

180 2833 224 2886 ρει
240 2815 347 2885 πέτροις
361 2813 469 2885 λευκῆς,
484 2813 597 2884 πλησίον
612 2817 663 2868 τοῦ
685 2811 789 2868 Πανίου
803 2813 982 2884 καλουμένου,
1003 2809 1100 2888 Qttttm
1113 2817 1211 2871 autem
1217 2813 1287 2890 jam

181 2961 294 3001 οιιαακα
308 2939 450 3001 όοοὶιοαιο
462 2941 614 3019 septimum
626 2941 661 3001 ία
674 2961 763 3019 παραυ
777 2942 877 3018 ορόοαοί
890 2939 1032 3014 Heroden,
1047 2941 1122 3001 venit
1142 2940 1241 3003 Οαοατ
1255 2944 1289 3004 in

181 3072 314 3151 Syriam:
335 3091 370 3131 οο
382 3078 443 3131 tum
455 3070 583 3131 ιοαοὶιοα
603 3070 828 3133 (λοόαταοοιαιη
837 3091 912 3150 ροσε
925 3071 961 3132 de
974 3070 1095 3132 Herode
1105 3074 1288 3150 expnetnlare

179 3209 331 3282 οαροοαοί,
356 3204 540 3281 imperiosum
563 3223 620 3263 eene
643 3202 830 3282 acerbumque
854 3208 880 3263 et
903 3209 1062 3281 tyrannum
1087 3201 1285 3266 dieentes.

179 3334 335 3414 Postquam
350 3340 445 3394 autem
465 3332 605 3396 Οιυοοιοια
619 3332 659 3393 ad
678 3353 759 3393 mare
779 3333 927 3394 eomitante
946 3333 1043 3407 redit,
1055 3332 1287 3412 pulnherrt'mum

178 3467 206 3525 ei
219 3464 354 3543 templum
368 3465 500 3538 οοίοααίί,
514 3485 549 3526 σοι
561 3463 688 3526 candido
706 3485 783 3539 οααο,
797 3466 831 3525 in
847 3464 992 3526 &nedoni
1005 3472 1092 3539 terra,
1101 3485 1197 3545 prope
1217 3488 1284 3528 eum

178 3595 270 3655 ίοοαοι
294 3597 346 3675 qui
368 3594 499 3657 Ροιιίιιια
520 3595 693 3674 appetatur.
735 3594 814 3657 Ibid.
830 3595 909 3675 (cap.
924 3594 966 3656 xi.
987 3594 1062 3669 ἕλε
1088 3596 1157 3653 Τότε
1183 3597 1208 3653 δ’
1234 3597 1284 3656 οὖν

180 3729 416 3782 ὀκτωκαιδεκάτου
431 3733 483 3798 τῆς
502 3723 641 3800 Ἡρώδου
661 3728 807 3796 βασιλείας
821 3729 969 3800 γεγονότος
985 3729 1121 3800 ἐνιαυτοῦ,
1135 3730 1208 3795 μετὰ
1230 3731 1283 3792 τὰς

179 3857 383 3928 προειρημένας
408 3855 534 3928 πράξεις,
555 3854 635 3928 ἔργον
660 3853 693 3909 οὐ
717 3855 749 3910 τό
773 3855 854 3929 τυχόν
881 3855 1041 3927 ἐπεβάλετο,
1066 3855 1112 3909 τόν
1138 3855 1205 3937 νεὼν
1227 3861 1279 3912 τοῦ

179 3989 246 4040 θεοῦ
269 3983 305 4040 δι’
330 3983 418 4040 αὑτοῦ
443 3988 715 4058 κατασκευάσασθαι,
741 3983 821 4044 Tune
841 3984 934 4062 t'qt'tttr
954 3982 1062 4045 decimo
1082 3991 1177 4046 octavo
1195 3986 1282 4065 requi
