2932 4860
187 561 223 620 41
488 580 683 633 nmoursrrro
703 581 987 626 carrlconrnmca

187 822 365 882 ...tribas
388 821 489 882 diadas
512 830 537 882 et
560 823 653 883 tribua
676 824 811 896 noaldus,
833 846 899 885 cum
926 825 1021 886 altera
1046 825 1175 887 contulit
1199 825 1282 886 Jonae

187 951 359 1031 Prophetas:
373 953 453 1012 Siout
459 953 522 1030 suit
540 953 633 1013 Jonas
648 1000 654 1014 .
670 1000 676 1013 .
692 1001 698 1014 .
712 954 934 1015 ‚tribuadicbus
948 956 1079 1015 attribue
1098 955 1283 1028 comitata-ut

185 1084 297 1161 optime
311 1103 382 1142 sane
397 1082 536 1144 observat
557 1083 614 1142 hoc
635 1083 696 1161 ipse
717 1085 913 1145 adversarius.
956 1085 1107 1162 Quocirca
1128 1085 1281 1146 Christum

185 1214 340 1291 praefatam
357 1214 487 1291 phrasim
504 1232 587 1273 more
600 1213 775 1274 ludaeorum
791 1214 970 1288 adhibuisse,
985 1227 1015 1298 et
1028 1216 1174 1295 ipsissimo
1189 1217 1282 1277 abeis

186 1351 303 1418 recepto
316 1361 412 1414 sensu,
427 1362 513 1402 nemo
527 1363 604 1402 uuus
618 1343 675 1402 erit
696 1343 748 1421 qui
763 1342 954 1404 inficiabitur.
996 1345 1093 1423 Atqui
1115 1344 1140 1404 si
1164 1345 1210 1405 ita
1231 1354 1282 1417 est,
1308 1405 1312 1413 ,

185 1471 407 1531 concedendum
421 1472 519 1550 plane,
534 1472 666 1550 phrasim
683 1472 857 1551 pradictam
872 1493 931 1533 nou
953 1473 1122 1552 significare
1137 1487 1197 1534 tres
1210 1475 1282 1534 inte·

184 1622 252 1678 gros
276 1600 355 1675 dies3
376 1593 457 1662 hunc
481 1603 559 1662 enim
581 1624 698 1663 sensum
722 1623 781 1663 non
806 1603 897 1664 habet
919 1605 1001 1684 apud
1025 1604 1155 1667 Judaeos.
1198 1605 1281 1685 Ergo

185 1740 287 1791 manet
300 1733 380 1811 quod
394 1733 547 1793 ostendere
565 1732 778 1812 proponebam,
792 1734 946 1794 Christum
962 1733 1087 1795 laudata
1105 1734 1209 1813 phrasi
1224 1756 1280 1796 non

183 1849 364 1942 significasse
377 1866 437 1924 tres
458 1864 589 1943 integros
609 1864 680 1924 dies.
722 1863 825 1925 Unum
849 1863 926 1924 illud
950 1864 1216 1924 demonstrandum
1240 1876 1281 1926 ast

184 2003 302 2053 tamen:
324 1994 456 2072 phrasim
472 1994 613 2054 nimirum
629 1995 713 2054 illam
729 2015 788 2055 uon
801 1995 902 2056 valere
911 2005 971 2055 tres
982 1995 1112 2074 integros
1123 1995 1186 2056 dies
1200 1996 1278 2074 apud
1342 2081 1344 2084 Α

183 2122 205 2185 J
207 2123 313 2183 udaeos.
338 2146 340 2150 ¹
355 2123 434 2196 Hoc,
449 2124 621 2206 utquisque
631 2121 721 2187 facile
734 2125 825 2197 videt,
836 2125 875 2185 ad
890 2144 976 2185 nsum
988 2125 1134 2210 pertinen
1155 2126 1280 2204 proinde

164 2259 166 2263 ⁴
184 2254 421 2332 cognoscendum
435 2254 483 2315 vel
506 2275 544 2314 ex
569 2254 748 2316 textimouio
770 2253 989 2334 Rabbinorum,
1004 2253 1052 2315 vel
1074 2253 1216 2328 aliorum,
1229 2255 1279 2334 qui

183 2385 315 2444 eminent
327 2386 358 2446 in
373 2384 563 2464 archeologia
571 2385 705 2464 judaica,
720 2384 767 2445 vel
782 2405 820 2444 ex
835 2385 937 2464 aliquo
951 2385 1016 2445 loco
1031 2386 1112 2446 claro
1126 2382 1288 2447 sacrarum

68 2529 73 2547 ”
182 2515 424 2594 Scripturarum3
447 2515 559 2594 triplici
575 2536 645 2577 voro
659 2517 717 2576 hac
731 2516 846 2576 ratione
860 2526 985 2589 constat,
1000 2516 1080 2594 quod
1102 2500 1258 2578 contendo.

123 2634 125 2637 ¹
224 2648 401 2709 22.-Etre
415 2649 535 2727 quidem
558 2669 638 2723 vera,
653 2647 788 2709 Rabhini
809 2649 870 2709 duo
892 2647 1005 2709 habent
1028 2657 1177 2727 praecepta
1199 2650 1279 2710 circa

183 2799 269 2838 usum
283 2779 401 2857 phrasis
415 2788 593 2853 memoratae,
608 2799 736 2858 quorum
751 2799 844 2839 unum
865 2778 994 2839 dicerem
1012 2777 1177 2852 materiale,
1191 2779 1282 2858 respi-

182 2910 223 2970 cit
237 2909 315 2969 enim
340 2910 436 2988 ipsam
458 2909 643 2970 materialem
667 2909 793 2969 formam
817 2907 900 2967 illius
920 2906 1123 2986 loquutionis;
1147 2907 1278 2968 alterum

181 3040 307 3102 formale
320 3061 468 3113 vocarem,
484 3049 620 3102 versatur
632 3039 744 3118 quippe
755 3039 835 3099 circa
850 3038 983 3099 valorem
997 3037 1093 3098 eidem
1108 3037 1277 3117 loquutioni

181 3171 383 3232 tribuendum.
401 3211 404 3217 ι
426 3169 534 3230 Belate
546 3170 586 3230 ad
603 3169 730 3230 formam
753 3169 938 3229 materialem
961 3168 1077 3246 phrasis
1092 3167 1154 3227 dieo
1167 3175 1194 3228 et
1214 3189 1280 3238 noa,

181 3303 262 3362 hunc
275 3301 400 3362 tradunt
414 3321 558 3362 canonem
572 3322 591 3361 a
605 3299 768 3379 majoribus
784 3308 949 3378 acceptum,
963 3307 993 3357 et
1014 3297 1224 3376 consignatum
1247 3297 1276 3356 in

180 3431 311 3492 Talmud
340 3428 541 3509 Hierosolym.
573 3428 750 3491 Schabbas:
776 3428 858 3488 'Dies
882 3435 907 3487 et
933 3447 991 3509 noa
1018 3428 1192 3485 constituunt
1220 3448 1279 3501 νυχ-

181 3569 312 3636 θήμερον,
333 3560 413 3640 quod
434 3572 486 3634 est,
500 3561 564 3621 dies
584 3570 614 3620 et
634 3582 696 3621 uox
717 3561 903 3620 constituunt
922 3559 1002 3618 diem
1023 3558 1202 3632 naturalem,
1217 3577 1276 3618 uon

181 3671 251 3751 vero
265 3690 340 3751 duas
354 3699 453 3769 partes
472 3699 625 3768 separatas
638 3699 669 3750 et
688 3689 852 3762 distinctas,
868 3697 901 3748 ut
922 3699 1020 3748 censet
1034 3686 1070 3747 cl.
1090 3686 1278 3747 adversarius

181 3821 224 3897 (n.
240 3820 316 3895 xii).
358 3819 511 3898 Siquidem
526 3828 626 3879 autem
643 3819 723 3880 diem
737 3819 907 3880 naturalem
921 3819 942 3880 J
945 3818 1021 3878 udaei
1035 3817 1089 3878 illa
1104 3817 1278 3896 loquutione

180 3950 348 4028 exprimere
360 3950 529 4022 intendunt,
545 3950 628 4010 unde
637 3949 680 4022 fit,
696 3959 729 4008 ut
747 3948 864 4009 duobus
884 3948 1031 4009 distinctis
1052 3947 1224 4010 nominibus
1245 3949 1276 4009 id

179 4082 331 4142 indicent?
351 4079 422 4166 Ugo
431 4079 555 4142 Grotius
565 4089 768 4159 commentans
779 4080 904 4140 citatum
915 4079 1117 4140 testimonium
1130 4077 1279 4151 Matthaei,

119 4213 121 4218 ’
179 4211 258 4273 hanc
272 4210 397 4273 adducit
409 4211 554 4272 rationem
569 4210 702 4272 etvalde
715 4220 835 4290 aptam:
878 4209 1047 4282 “Hebraei,'’
1060 4210 1111 4283 ait,
1124 4210 1215 4289 “quia
1228 4230 1278 4273 vo*

1193 4389 1207 4424 ,
1280 4400 1282 4405 ,
