<?xml version="1.0" encoding="UTF-8"?>
<!DOCTYPE html PUBLIC "-//W3C//DTD XHTML 1.0 Transitional//EN"
    "http://www.w3.org/TR/xhtml1/DTD/xhtml1-transitional.dtd">
<html xmlns="http://www.w3.org/1999/xhtml" xml:lang="en" lang="en">
 <head>
  <title>
</title>
<meta http-equiv="Content-Type" content="text/html;charset=utf-8" />
  <meta name='ocr-system' content='tesseract 3.04.00' />
  <meta name='ocr-capabilities' content='ocr_page ocr_carea ocr_par ocr_line ocrx_word'/>
</head>
<body>
  <div class='ocr_page' id='page_1' title='image "./disquisitiocrit00jovigoog_0221.png"; bbox 0 0 2932 4860; ppageno 0'>
   <div class='ocr_carea' id='block_1_1' title="bbox 486 596 987 650">
    <p class='ocr_par' dir='ltr' id='par_1_1' title="bbox 486 596 987 650">
     <span class='ocr_line' id='line_1_1' title="bbox 486 596 987 650; baseline 0.006 -11"><span class='ocrx_word' id='word_1_1' title='bbox 486 596 681 650; x_wconf 77' lang='lat' dir='ltr'>msoolsmo</span> <span class='ocrx_word' id='word_1_2' title='bbox 702 596 987 642; x_wconf 69' lang='lat' dir='ltr'>comeo-nlenten.</span> 
     </span>
    </p>
   </div>
   <div class='ocr_carea' id='block_1_2' title="bbox 184 1078 1289 1181">
    <p class='ocr_par' dir='ltr' id='par_1_2' title="bbox 184 1078 1289 1181">
     <span class='ocr_line' id='line_1_2' title="bbox 184 1078 1289 1181; baseline 0.005 -24"><span class='ocrx_word' id='word_1_3' title='bbox 184 1104 256 1157; x_wconf 75' lang='grc' dir='ltr'><em>σατα</em></span> <span class='ocrx_word' id='word_1_4' title='bbox 280 1100 338 1162; x_wconf 87' lang='lat' dir='ltr'>hoc</span> <span class='ocrx_word' id='word_1_5' title='bbox 359 1111 507 1163; x_wconf 84' lang='lat' dir='ltr'>commate</span> <span class='ocrx_word' id='word_1_6' title='bbox 530 1101 644 1181; x_wconf 86' lang='lat' dir='ltr'>duplici</span> <span class='ocrx_word' id='word_1_7' title='bbox 669 1100 885 1181; x_wconf 83' lang='lat' dir='ltr'>significatione</span> <span class='ocrx_word' id='word_1_8' title='bbox 908 1078 1045 1162; x_wconf 79' lang='lat' dir='ltr'>sumitur.</span> <span class='ocrx_word' id='word_1_9' title='bbox 1086 1099 1169 1162; x_wconf 87' lang='lat' dir='ltr'>Nam</span> <span class='ocrx_word' id='word_1_10' title='bbox 1195 1100 1289 1163; x_wconf 90' lang='lat' dir='ltr'>initio</span> 
     </span>
    </p>
   </div>
   <div class='ocr_carea' id='block_1_3' title="bbox 179 1229 1290 3914">
    <p class='ocr_par' dir='ltr' id='par_1_3' title="bbox 181 1229 1290 3130">
     <span class='ocr_line' id='line_1_3' title="bbox 185 1229 1290 1309; baseline 0 -19"><span class='ocrx_word' id='word_1_11' title='bbox 185 1231 341 1292; x_wconf 88' lang='lat' dir='ltr'>commatis</span> <span class='ocrx_word' id='word_1_12' title='bbox 362 1234 490 1288; x_wconf 73' lang='grc' dir='ltr'><em>σάόὅατα</em></span> <span class='ocrx_word' id='word_1_13' title='bbox 511 1239 555 1292; x_wconf 85' lang='lat' dir='ltr'>est</span> <span class='ocrx_word' id='word_1_14' title='bbox 575 1230 672 1309; x_wconf 87' lang='lat' dir='ltr'>ipsum</span> <span class='ocrx_word' id='word_1_15' title='bbox 693 1229 868 1301; x_wconf 62' lang='grc' dir='ltr'>δαὸὂαίααυ</span> <span class='ocrx_word' id='word_1_16' title='bbox 895 1230 945 1291; x_wconf 87' lang='lat' dir='ltr'>sed</span> <span class='ocrx_word' id='word_1_17' title='bbox 967 1231 997 1290; x_wconf 90' lang='lat' dir='ltr'>in</span> <span class='ocrx_word' id='word_1_18' title='bbox 1027 1229 1220 1308; x_wconf 90' lang='lat' dir='ltr'>sequentibus</span> <span class='ocrx_word' id='word_1_19' title='bbox 1243 1239 1290 1290; x_wconf 88' lang='lat' dir='ltr'>est</span> 
     </span>
     <span class='ocr_line' id='line_1_4' title="bbox 183 1358 1290 1437; baseline -0.005 -17"><span class='ocrx_word' id='word_1_20' title='bbox 183 1358 343 1421; x_wconf 71' lang='lat' dir='ltr'>hebdomas.</span> <span class='ocrx_word' id='word_1_21' title='bbox 385 1359 516 1421; x_wconf 85' lang='lat' dir='ltr'>Proinde</span> <span class='ocrx_word' id='word_1_22' title='bbox 530 1359 624 1421; x_wconf 84' lang='lat' dir='ltr'>verba</span> <span class='ocrx_word' id='word_1_23' title='bbox 642 1359 677 1436; x_wconf 75' lang='grc' dir='ltr'>Τῇ</span> <span class='ocrx_word' id='word_1_24' title='bbox 694 1359 815 1437; x_wconf 73' lang='grc' dir='ltr'>(ἡμέμᾳ)</span> <span class='ocrx_word' id='word_1_25' title='bbox 832 1362 1020 1436; x_wconf 72' lang='grc' dir='ltr'><em>ἐπιφωσκούσῃ</em></span> <span class='ocrx_word' id='word_1_26' title='bbox 1037 1365 1079 1424; x_wconf 83' lang='grc' dir='ltr'>εἰς</span> <span class='ocrx_word' id='word_1_27' title='bbox 1093 1365 1156 1429; x_wconf 79' lang='grc' dir='ltr'><em>μίαν</em></span> <span class='ocrx_word' id='word_1_28' title='bbox 1179 1363 1290 1430; x_wconf 78' lang='grc' dir='ltr'><em>σαββά·</em></span> 
     </span>
     <span class='ocr_line' id='line_1_5' title="bbox 184 1487 1290 1567; baseline 0.006 -24"><span class='ocrx_word' id='word_1_29' title='bbox 184 1510 247 1561; x_wconf 79' lang='grc' dir='ltr'>των,</span> <span class='ocrx_word' id='word_1_30' title='bbox 261 1508 316 1567; x_wconf 88' lang='lat' dir='ltr'>pro</span> <span class='ocrx_word' id='word_1_31' title='bbox 329 1487 375 1543; x_wconf 84' lang='grc' dir='ltr'>Ἐν</span> <span class='ocrx_word' id='word_1_32' title='bbox 388 1493 438 1556; x_wconf 83' lang='grc' dir='ltr'>μία</span> <span class='ocrx_word' id='word_1_33' title='bbox 453 1491 610 1562; x_wconf 64' lang='lat' dir='ltr'>cattorum,</span> <span class='ocrx_word' id='word_1_34' title='bbox 625 1488 770 1550; x_wconf 78' lang='lat' dir='ltr'>vertenda</span> <span class='ocrx_word' id='word_1_35' title='bbox 783 1497 870 1549; x_wconf 76' lang='lat' dir='ltr'>sunt:</span> <span class='ocrx_word' id='word_1_36' title='bbox 892 1487 940 1548; x_wconf 81' lang='lat' dir='ltr'>die</span> <span class='ocrx_word' id='word_1_37' title='bbox 953 1488 1136 1561; x_wconf 71' lang='lat' dir='ltr'>illucescente,</span> <span class='ocrx_word' id='word_1_38' title='bbox 1150 1488 1215 1549; x_wconf 82' lang='lat' dir='ltr'>slve</span> <span class='ocrx_word' id='word_1_39' title='bbox 1230 1490 1290 1550; x_wconf 77' lang='lat' dir='ltr'>ori-</span> 
     </span>
     <span class='ocr_line' id='line_1_6' title="bbox 183 1615 1290 1697; baseline -0.001 -19"><span class='ocrx_word' id='word_1_40' title='bbox 183 1625 245 1678; x_wconf 74' lang='lat' dir='ltr'>ente</span> <span class='ocrx_word' id='word_1_41' title='bbox 256 1620 352 1697; x_wconf 57' lang='lat' dir='ltr'>pulmo</span> <span class='ocrx_word' id='word_1_42' title='bbox 366 1618 414 1678; x_wconf 79' lang='lat' dir='ltr'>die</span> <span class='ocrx_word' id='word_1_43' title='bbox 427 1617 620 1679; x_wconf 70' lang='lat' dir='ltr'><strong><em>hebdomadis.</em></strong></span> <span class='ocrx_word' id='word_1_44' title='bbox 661 1617 744 1678; x_wconf 87' lang='lat' dir='ltr'>Nam</span> <span class='ocrx_word' id='word_1_45' title='bbox 758 1622 809 1687; x_wconf 82' lang='grc' dir='ltr'>μία</span> <span class='ocrx_word' id='word_1_46' title='bbox 829 1621 976 1675; x_wconf 76' lang='grc' dir='ltr'><em>σαὸὅάτων</em></span> <span class='ocrx_word' id='word_1_47' title='bbox 990 1625 1035 1677; x_wconf 82' lang='lat' dir='ltr'>est</span> <span class='ocrx_word' id='word_1_48' title='bbox 1047 1619 1165 1696; x_wconf 62' lang='lat' dir='ltr'>patmos</span> <span class='ocrx_word' id='word_1_49' title='bbox 1182 1615 1290 1678; x_wconf 74' lang='lat' dir='ltr'>heddo·</span> 
     </span>
     <span class='ocr_line' id='line_1_7' title="bbox 182 1745 1288 1825; baseline -0.007 -18"><span class='ocrx_word' id='word_1_50' title='bbox 182 1747 277 1808; x_wconf 74' lang='lat' dir='ltr'>stadia</span> <span class='ocrx_word' id='word_1_51' title='bbox 287 1747 368 1819; x_wconf 58' lang='lat' dir='ltr'>dian</span> <span class='ocrx_word' id='word_1_52' title='bbox 389 1753 439 1817; x_wconf 85' lang='grc' dir='ltr'>μία</span> <span class='ocrx_word' id='word_1_53' title='bbox 458 1768 531 1810; x_wconf 87' lang='lat' dir='ltr'>vero</span> <span class='ocrx_word' id='word_1_54' title='bbox 552 1768 590 1808; x_wconf 87' lang='lat' dir='ltr'>ex</span> <span class='ocrx_word' id='word_1_55' title='bbox 611 1746 764 1808; x_wconf 80' lang='lat' dir='ltr'>Hebraico</span> <span class='ocrx_word' id='word_1_56' title='bbox 778 1764 840 1810; x_wconf 66' lang='lat' dir='ltr'>tort</span> <span class='ocrx_word' id='word_1_57' title='bbox 855 1745 966 1807; x_wconf 88' lang='lat' dir='ltr'>dicitur</span> <span class='ocrx_word' id='word_1_58' title='bbox 979 1766 1034 1825; x_wconf 91' lang='lat' dir='ltr'>pro</span> <span class='ocrx_word' id='word_1_59' title='bbox 1049 1745 1157 1819; x_wconf 81' lang='grc' dir='ltr'><strong><em>πρώτη,</em></strong></span> <span class='ocrx_word' id='word_1_60' title='bbox 1171 1753 1201 1804; x_wconf 90' lang='lat' dir='ltr'>ct</span> <span class='ocrx_word' id='word_1_61' title='bbox 1217 1747 1288 1800; x_wconf 78' lang='lat' dir='ltr'>‹rdd-</span> 
     </span>
     <span class='ocr_line' id='line_1_8' title="bbox 184 1872 1286 1956; baseline 0.002 -24"><span class='ocrx_word' id='word_1_62' title='bbox 184 1879 255 1934; x_wconf 80' lang='grc' dir='ltr'><em>ὅατα</em></span> <span class='ocrx_word' id='word_1_63' title='bbox 268 1872 323 1956; x_wconf 88' lang='lat' dir='ltr'>pro</span> <span class='ocrx_word' id='word_1_64' title='bbox 344 1883 403 1937; x_wconf 81' lang='lat' dir='ltr'>totu</span> <span class='ocrx_word' id='word_1_65' title='bbox 422 1876 602 1938; x_wconf 71' lang='lat' dir='ltr'>hebdomoda</span> <span class='ocrx_word' id='word_1_66' title='bbox 616 1877 649 1936; x_wconf 91' lang='lat' dir='ltr'>in</span> <span class='ocrx_word' id='word_1_67' title='bbox 669 1876 761 1938; x_wconf 84' lang='lat' dir='ltr'>sacris</span> <span class='ocrx_word' id='word_1_68' title='bbox 774 1876 882 1937; x_wconf 86' lang='lat' dir='ltr'>litteris</span> <span class='ocrx_word' id='word_1_69' title='bbox 902 1875 988 1949; x_wconf 89' lang='lat' dir='ltr'>sumi,</span> <span class='ocrx_word' id='word_1_70' title='bbox 1002 1874 1102 1935; x_wconf 80' lang='lat' dir='ltr'>tritius</span> <span class='ocrx_word' id='word_1_71' title='bbox 1123 1883 1175 1947; x_wconf 88' lang='lat' dir='ltr'>est,</span> <span class='ocrx_word' id='word_1_72' title='bbox 1189 1893 1286 1953; x_wconf 91' lang='lat' dir='ltr'>quam</span> 
     </span>
     <span class='ocr_line' id='line_1_9' title="bbox 182 2004 1287 2087; baseline 0 -21"><span class='ocrx_word' id='word_1_73' title='bbox 182 2015 217 2071; x_wconf 88' lang='lat' dir='ltr'>ut</span> <span class='ocrx_word' id='word_1_74' title='bbox 230 2006 374 2087; x_wconf 87' lang='lat' dir='ltr'>exemplis</span> <span class='ocrx_word' id='word_1_75' title='bbox 387 2007 426 2068; x_wconf 90' lang='lat' dir='ltr'>sit</span> <span class='ocrx_word' id='word_1_76' title='bbox 440 2007 687 2069; x_wconf 84' lang='lat' dir='ltr'>confirmandum.</span> <span class='ocrx_word' id='word_1_77' title='bbox 728 2007 925 2081; x_wconf 79' lang='grc' dir='ltr'><em>Ἐπιφώσκειν,</em></span> <span class='ocrx_word' id='word_1_78' title='bbox 939 2004 994 2067; x_wconf 86' lang='lat' dir='ltr'>etsi</span> <span class='ocrx_word' id='word_1_79' title='bbox 1015 2004 1135 2085; x_wconf 84' lang='lat' dir='ltr'>proprie</span> <span class='ocrx_word' id='word_1_80' title='bbox 1145 2005 1193 2066; x_wconf 93' lang='lat' dir='ltr'>.de</span> <span class='ocrx_word' id='word_1_81' title='bbox 1207 2004 1287 2066; x_wconf 82' lang='lat' dir='ltr'>side-</span> 
     </span>
     <span class='ocr_line' id='line_1_10' title="bbox 182 2137 1287 2218; baseline -0.001 -20"><span class='ocrx_word' id='word_1_82' title='bbox 182 2137 274 2212; x_wconf 80' lang='lat' dir='ltr'>ribus,</span> <span class='ocrx_word' id='word_1_83' title='bbox 284 2137 377 2218; x_wconf 89' lang='lat' dir='ltr'>jubar</span> <span class='ocrx_word' id='word_1_84' title='bbox 392 2138 527 2200; x_wconf 80' lang='lat' dir='ltr'>emittere</span> <span class='ocrx_word' id='word_1_85' title='bbox 547 2138 902 2218; x_wconf 61' lang='lat' dir='ltr'>incipientibusdicitur,</span> <span class='ocrx_word' id='word_1_86' title='bbox 916 2147 1017 2200; x_wconf 86' lang='lat' dir='ltr'>tamen</span> <span class='ocrx_word' id='word_1_87' title='bbox 1037 2138 1075 2198; x_wconf 90' lang='lat' dir='ltr'>de</span> <span class='ocrx_word' id='word_1_88' title='bbox 1094 2137 1143 2198; x_wconf 91' lang='lat' dir='ltr'>die</span> <span class='ocrx_word' id='word_1_89' title='bbox 1163 2157 1287 2216; x_wconf 91' lang='lat' dir='ltr'>quoque</span> 
     </span>
     <span class='ocr_line' id='line_1_11' title="bbox 181 2268 1288 2350; baseline 0.003 -22"><span class='ocrx_word' id='word_1_90' title='bbox 181 2268 371 2331; x_wconf 75' lang='lat' dir='ltr'>illucescente</span> <span class='ocrx_word' id='word_1_91' title='bbox 390 2290 467 2349; x_wconf 84' lang='lat' dir='ltr'>saepe</span> <span class='ocrx_word' id='word_1_92' title='bbox 494 2279 665 2349; x_wconf 86' lang='lat' dir='ltr'>usurpatur.</span> <span class='ocrx_word' id='word_1_93' title='bbox 707 2270 807 2350; x_wconf 83' lang='lat' dir='ltr'>Igitur</span> <span class='ocrx_word' id='word_1_94' title='bbox 819 2268 864 2332; x_wconf 80' lang='lat' dir='ltr'>tH</span> <span class='ocrx_word' id='word_1_95' title='bbox 883 2271 1082 2344; x_wconf 78' lang='grc' dir='ltr'><em>ἐπιφώσκυυσα</em></span> <span class='ocrx_word' id='word_1_96' title='bbox 1101 2269 1223 2347; x_wconf 79' lang='grc' dir='ltr'>(ἡμέρα)</span> <span class='ocrx_word' id='word_1_97' title='bbox 1239 2269 1288 2330; x_wconf 85' lang='lat' dir='ltr'>est</span> 
     </span>
     <span class='ocr_line' id='line_1_12' title="bbox 181 2398 1286 2485; baseline 0 -26"><span class='ocrx_word' id='word_1_98' title='bbox 181 2400 277 2478; x_wconf 70' lang='lat' dir='ltr'>iprrum</span> <span class='ocrx_word' id='word_1_99' title='bbox 290 2398 459 2474; x_wconf 81' lang='lat' dir='ltr'>diluculum,</span> <span class='ocrx_word' id='word_1_100' title='bbox 473 2399 597 2460; x_wconf 87' lang='lat' dir='ltr'>nuntius</span> <span class='ocrx_word' id='word_1_101' title='bbox 613 2400 682 2485; x_wconf 91' lang='lat' dir='ltr'>diei.</span> <span class='ocrx_word' id='word_1_102' title='bbox 723 2399 815 2462; x_wconf 91' lang='lat' dir='ltr'>Unde</span> <span class='ocrx_word' id='word_1_103' title='bbox 835 2408 970 2479; x_wconf 90' lang='lat' dir='ltr'>apparet,</span> <span class='ocrx_word' id='word_1_104' title='bbox 984 2398 1164 2460; x_wconf 85' lang='lat' dir='ltr'>Matthaeum</span> <span class='ocrx_word' id='word_1_105' title='bbox 1185 2418 1286 2476; x_wconf 87' lang='lat' dir='ltr'>neque</span> 
     </span>
     <span class='ocr_line' id='line_1_13' title="bbox 182 2507 1286 2609; baseline 0 -20"><span class='ocrx_word' id='word_1_106' title='bbox 182 2549 291 2602; x_wconf 90' lang='lat' dir='ltr'>secum,</span> <span class='ocrx_word' id='word_1_107' title='bbox 314 2550 411 2609; x_wconf 88' lang='lat' dir='ltr'>neque</span> <span class='ocrx_word' id='word_1_108' title='bbox 438 2550 506 2590; x_wconf 90' lang='lat' dir='ltr'>cum</span> <span class='ocrx_word' id='word_1_109' title='bbox 534 2507 657 2609; x_wconf 83' lang='lat' dir='ltr'>reliquis</span> <span class='ocrx_word' id='word_1_110' title='bbox 685 2528 889 2608; x_wconf 84' lang='lat' dir='ltr'>Evangelistis</span> <span class='ocrx_word' id='word_1_111' title='bbox 917 2528 1081 2608; x_wconf 85' lang='lat' dir='ltr'>pugnare.&#39;&#39;</span> <span class='ocrx_word' id='word_1_112' title='bbox 1123 2527 1286 2589; x_wconf 83' lang='lat' dir='ltr'>Hactenus</span> 
     </span>
     <span class='ocr_line' id='line_1_14' title="bbox 182 2658 1287 2739; baseline -0.005 -19"><span class='ocrx_word' id='word_1_113' title='bbox 182 2658 321 2721; x_wconf 86' lang='lat' dir='ltr'>Rosenm.</span> <span class='ocrx_word' id='word_1_114' title='bbox 364 2659 484 2737; x_wconf 75' lang='lat' dir='ltr'>Quibus</span> <span class='ocrx_word' id='word_1_115' title='bbox 504 2659 704 2737; x_wconf 84' lang='lat' dir='ltr'>constat,-c)</span> <span class='ocrx_word' id='word_1_116' title='bbox 720 2663 867 2716; x_wconf 73' lang='grc' dir='ltr'><em>σαὸὅάτων</em></span> <span class='ocrx_word' id='word_1_117' title='bbox 888 2659 1000 2720; x_wconf 89' lang='lat' dir='ltr'>Matth.</span> <span class='ocrx_word' id='word_1_118' title='bbox 1021 2658 1201 2739; x_wconf 84' lang='lat' dir='ltr'>aequivalere</span> <span class='ocrx_word' id='word_1_119' title='bbox 1217 2664 1287 2717; x_wconf 78' lang='grc' dir='ltr'><em>σασ-</em></span> 
     </span>
     <span class='ocr_line' id='line_1_15' title="bbox 183 2789 1284 2870; baseline 0.001 -25"><span class='ocrx_word' id='word_1_120' title='bbox 183 2793 270 2847; x_wconf 76' lang='lat' dir='ltr'>dcirco</span> <span class='ocrx_word' id='word_1_121' title='bbox 285 2789 464 2868; x_wconf 76' lang='lat' dir='ltr'>Maro,-d)</span> <span class='ocrx_word' id='word_1_122' title='bbox 481 2793 609 2847; x_wconf 79' lang='grc' dir='ltr'><em>αάὸὅατα</em></span> <span class='ocrx_word' id='word_1_123' title='bbox 622 2789 790 2870; x_wconf 66' lang='lat' dir='ltr'>significem</span> <span class='ocrx_word' id='word_1_124' title='bbox 810 2789 1045 2867; x_wconf 55' lang='lat' dir='ltr'>Sabbatum-0)</span> <span class='ocrx_word' id='word_1_125' title='bbox 1060 2794 1110 2858; x_wconf 88' lang='grc' dir='ltr'>μία</span> <span class='ocrx_word' id='word_1_126' title='bbox 1132 2793 1284 2846; x_wconf 66' lang='lat' dir='ltr'>arcturon</span> 
     </span>
     <span class='ocr_line' id='line_1_16' title="bbox 181 2918 1285 3001; baseline -0.003 -19"><span class='ocrx_word' id='word_1_127' title='bbox 181 2921 324 2983; x_wconf 80' lang='lat' dir='ltr'>denotare</span> <span class='ocrx_word' id='word_1_128' title='bbox 340 2923 470 3001; x_wconf 68' lang='lat' dir='ltr'>primm</span> <span class='ocrx_word' id='word_1_129' title='bbox 484 2920 560 2981; x_wconf 79' lang='lat' dir='ltr'>diem</span> <span class='ocrx_word' id='word_1_130' title='bbox 573 2918 842 2997; x_wconf 49' lang='lat' dir='ltr'>hebdomada-d)</span> <span class='ocrx_word' id='word_1_131' title='bbox 857 2919 972 2998; x_wconf 90' lang='lat' dir='ltr'>hocque</span> <span class='ocrx_word' id='word_1_132' title='bbox 988 2919 1086 2998; x_wconf 92' lang='lat' dir='ltr'>ipsum</span> <span class='ocrx_word' id='word_1_133' title='bbox 1100 2937 1161 2978; x_wconf 90' lang='lat' dir='ltr'>esse</span> <span class='ocrx_word' id='word_1_134' title='bbox 1175 2919 1285 2992; x_wconf 75' lang='lat' dir='ltr'>tritico,</span> 
     </span>
     <span class='ocr_line' id='line_1_17' title="bbox 181 3049 778 3130; baseline -0.002 -19"><span class='ocrx_word' id='word_1_135' title='bbox 181 3071 271 3130; x_wconf 89' lang='lat' dir='ltr'>quam</span> <span class='ocrx_word' id='word_1_136' title='bbox 286 3061 320 3112; x_wconf 90' lang='lat' dir='ltr'>ut</span> <span class='ocrx_word' id='word_1_137' title='bbox 334 3051 467 3130; x_wconf 73' lang='lat' dir='ltr'>exemplis</span> <span class='ocrx_word' id='word_1_138' title='bbox 479 3051 519 3112; x_wconf 88' lang='lat' dir='ltr'>sit</span> <span class='ocrx_word' id='word_1_139' title='bbox 532 3049 778 3112; x_wconf 87' lang='lat' dir='ltr'>confirmandum.</span> 
     </span>
    </p>

    <p class='ocr_par' dir='ltr' id='par_1_4' title="bbox 179 3178 1284 3914">
     <span class='ocr_line' id='line_1_18' title="bbox 222 3178 1284 3259; baseline -0.004 -15"><span class='ocrx_word' id='word_1_140' title='bbox 222 3182 396 3244; x_wconf 69' lang='lat' dir='ltr'>llo-Idem</span> <span class='ocrx_word' id='word_1_141' title='bbox 421 3181 616 3244; x_wconf 87' lang='lat' dir='ltr'>confirmatur</span> <span class='ocrx_word' id='word_1_142' title='bbox 640 3181 819 3243; x_wconf 84' lang='lat' dir='ltr'>anctoritate</span> <span class='ocrx_word' id='word_1_143' title='bbox 842 3180 892 3242; x_wconf 86' lang='lat' dir='ltr'>Jo.</span> <span class='ocrx_word' id='word_1_144' title='bbox 915 3179 1096 3253; x_wconf 85' lang='lat' dir='ltr'>Maldonati,</span> <span class='ocrx_word' id='word_1_145' title='bbox 1115 3178 1144 3240; x_wconf 85' lang='lat' dir='ltr'>S.</span> <span class='ocrx_word' id='word_1_146' title='bbox 1166 3178 1208 3253; x_wconf 69' lang='lat' dir='ltr'>J„</span> <span class='ocrx_word' id='word_1_147' title='bbox 1229 3181 1284 3259; x_wconf 90' lang='lat' dir='ltr'>qui</span> 
     </span>
     <span class='ocr_line' id='line_1_19' title="bbox 180 3310 1284 3385; baseline -0.005 -13"><span class='ocrx_word' id='word_1_148' title='bbox 180 3310 279 3374; x_wconf 89' lang='lat' dir='ltr'>locum</span> <span class='ocrx_word' id='word_1_149' title='bbox 293 3312 418 3373; x_wconf 86' lang='lat' dir='ltr'>citatum</span> <span class='ocrx_word' id='word_1_150' title='bbox 433 3310 544 3373; x_wconf 92' lang='lat' dir='ltr'>Matth.</span> <span class='ocrx_word' id='word_1_151' title='bbox 559 3320 772 3385; x_wconf 85' lang='lat' dir='ltr'>commentans,</span> <span class='ocrx_word' id='word_1_152' title='bbox 786 3312 880 3373; x_wconf 86' lang='lat' dir='ltr'>relate</span> <span class='ocrx_word' id='word_1_153' title='bbox 896 3312 936 3372; x_wconf 85' lang='lat' dir='ltr'>ad</span> <span class='ocrx_word' id='word_1_154' title='bbox 949 3310 1044 3373; x_wconf 86' lang='lat' dir='ltr'>verba</span> <span class='ocrx_word' id='word_1_155' title='bbox 1055 3315 1108 3380; x_wconf 79' lang='grc' dir='ltr'>ὀψὲ</span> <span class='ocrx_word' id='word_1_156' title='bbox 1130 3314 1160 3366; x_wconf 75' lang='grc' dir='ltr'>δὲ</span> <span class='ocrx_word' id='word_1_157' title='bbox 1176 3315 1284 3367; x_wconf 68' lang='lat' dir='ltr'>rattr-</span> 
     </span>
     <span class='ocr_line' id='line_1_20' title="bbox 181 3440 1281 3523; baseline 0.004 -24"><span class='ocrx_word' id='word_1_158' title='bbox 181 3466 244 3518; x_wconf 84' lang='grc' dir='ltr'>των,</span> <span class='ocrx_word' id='word_1_159' title='bbox 258 3443 315 3503; x_wconf 85' lang='lat' dir='ltr'>ait:</span> <span class='ocrx_word' id='word_1_160' title='bbox 338 3442 527 3504; x_wconf 90' lang='lat' dir='ltr'>“Admonuit</span> <span class='ocrx_word' id='word_1_161' title='bbox 540 3440 704 3523; x_wconf 82' lang='lat' dir='ltr'>Gregorius</span> <span class='ocrx_word' id='word_1_162' title='bbox 720 3442 882 3522; x_wconf 89' lang='lat' dir='ltr'>Nyssenus,</span> <span class='ocrx_word' id='word_1_163' title='bbox 897 3443 987 3504; x_wconf 90' lang='lat' dir='ltr'>homo</span> <span class='ocrx_word' id='word_1_164' title='bbox 1008 3451 1037 3504; x_wconf 91' lang='lat' dir='ltr'>et</span> <span class='ocrx_word' id='word_1_165' title='bbox 1058 3442 1163 3522; x_wconf 84' lang='lat' dir='ltr'>lingua</span> <span class='ocrx_word' id='word_1_166' title='bbox 1177 3451 1208 3503; x_wconf 91' lang='lat' dir='ltr'>et</span> <span class='ocrx_word' id='word_1_167' title='bbox 1228 3463 1281 3504; x_wconf 73' lang='lat' dir='ltr'>na</span> 
     </span>
     <span class='ocr_line' id='line_1_21' title="bbox 180 3571 1282 3655; baseline 0.003 -21"><span class='ocrx_word' id='word_1_168' title='bbox 180 3573 261 3634; x_wconf 89' lang='lat' dir='ltr'>tione</span> <span class='ocrx_word' id='word_1_169' title='bbox 283 3571 414 3648; x_wconf 85' lang='lat' dir='ltr'>Graecus,</span> <span class='ocrx_word' id='word_1_170' title='bbox 436 3573 514 3634; x_wconf 92' lang='lat' dir='ltr'>hanc</span> <span class='ocrx_word' id='word_1_171' title='bbox 541 3575 674 3653; x_wconf 87' lang='lat' dir='ltr'>phrasim</span> <span class='ocrx_word' id='word_1_172' title='bbox 704 3574 786 3654; x_wconf 90' lang='lat' dir='ltr'>apud</span> <span class='ocrx_word' id='word_1_173' title='bbox 813 3573 933 3637; x_wconf 84' lang='lat' dir='ltr'>Graecos</span> <span class='ocrx_word' id='word_1_174' title='bbox 953 3574 1073 3655; x_wconf 89' lang='lat' dir='ltr'>proprie</span> <span class='ocrx_word' id='word_1_175' title='bbox 1092 3575 1282 3654; x_wconf 81' lang='lat' dir='ltr'>significare:</span> 
     </span>
     <span class='ocr_line' id='line_1_22' title="bbox 185 3701 1281 3784; baseline 0.001 -21"><span class='ocrx_word' id='word_1_176' title='bbox 185 3701 339 3763; x_wconf 76' lang='lat' dir='ltr'>llousacto</span> <span class='ocrx_word' id='word_1_177' title='bbox 352 3703 419 3780; x_wconf 84' lang='lat' dir='ltr'>jam</span> <span class='ocrx_word' id='word_1_178' title='bbox 442 3701 576 3775; x_wconf 72' lang='lat' dir='ltr'>dabbato,</span> <span class='ocrx_word' id='word_1_179' title='bbox 602 3703 685 3782; x_wconf 73' lang='lat' dir='ltr'>drapo</span> <span class='ocrx_word' id='word_1_180' title='bbox 709 3704 867 3777; x_wconf 80' lang='lat' dir='ltr'>interuallo,</span> <span class='ocrx_word' id='word_1_181' title='bbox 881 3704 923 3764; x_wconf 88' lang='lat' dir='ltr'>sic</span> <span class='ocrx_word' id='word_1_182' title='bbox 947 3704 1025 3764; x_wconf 90' lang='lat' dir='ltr'>enim</span> <span class='ocrx_word' id='word_1_183' title='bbox 1050 3702 1170 3765; x_wconf 82' lang='lat' dir='ltr'>Graecos</span> <span class='ocrx_word' id='word_1_184' title='bbox 1195 3704 1281 3784; x_wconf 88' lang='lat' dir='ltr'>loqui</span> 
     </span>
     <span class='ocr_line' id='line_1_23' title="bbox 179 3833 1281 3914; baseline -0.001 -17"><span class='ocrx_word' id='word_1_185' title='bbox 179 3833 286 3896; x_wconf 80' lang='lat' dir='ltr'>solere:</span> <span class='ocrx_word' id='word_1_186' title='bbox 307 3834 373 3903; x_wconf 74' lang='grc' dir='ltr'>Ὀψὲ</span> <span class='ocrx_word' id='word_1_187' title='bbox 396 3839 446 3890; x_wconf 84' lang='grc' dir='ltr'>τοῦ</span> <span class='ocrx_word' id='word_1_188' title='bbox 468 3840 565 3908; x_wconf 82' lang='grc' dir='ltr'><em>καιροῦ</em></span> <span class='ocrx_word' id='word_1_189' title='bbox 587 3838 787 3908; x_wconf 72' lang='grc' dir='ltr'><em>παραγέγονας,</em></span> <span class='ocrx_word' id='word_1_190' title='bbox 806 3833 914 3909; x_wconf 64' lang='lat' dir='ltr'>Seruus,</span> <span class='ocrx_word' id='word_1_191' title='bbox 936 3856 1022 3912; x_wconf 81' lang='lat' dir='ltr'>quum</span> <span class='ocrx_word' id='word_1_192' title='bbox 1036 3856 1095 3914; x_wconf 77' lang='lat' dir='ltr'>pro</span> <span class='ocrx_word' id='word_1_193' title='bbox 1116 3842 1281 3914; x_wconf 76' lang='lat' dir='ltr'>opportutw</span> 
     </span>
    </p>
   </div>
   <div class='ocr_carea' id='block_1_4' title="bbox 178 3965 1281 4046">
    <p class='ocr_par' dir='ltr' id='par_1_5' title="bbox 178 3965 1281 4046">
     <span class='ocr_line' id='line_1_24' title="bbox 178 3965 1281 4046; baseline -0.006 -18"><span class='ocrx_word' id='word_1_194' title='bbox 178 3973 309 4046; x_wconf 72' lang='lat' dir='ltr'>tempore,</span> <span class='ocrx_word' id='word_1_195' title='bbox 323 3965 433 4039; x_wconf 61' lang='lat' dir='ltr'>cenom,</span> <span class='ocrx_word' id='word_1_196' title='bbox 447 3973 477 4025; x_wconf 88' lang='lat' dir='ltr'>et</span> <span class='ocrx_word' id='word_1_197' title='bbox 489 3965 555 4035; x_wconf 78' lang='grc' dir='ltr'>Ὀψὲ</span> <span class='ocrx_word' id='word_1_198' title='bbox 570 3972 621 4037; x_wconf 77' lang='grc' dir='ltr'>τῆς</span> <span class='ocrx_word' id='word_1_199' title='bbox 636 3966 721 4039; x_wconf 81' lang='grc' dir='ltr'><em>ὥρας,</em></span> <span class='ocrx_word' id='word_1_200' title='bbox 740 3965 898 4026; x_wconf 78' lang='lat' dir='ltr'>llarnaclc</span> <span class='ocrx_word' id='word_1_201' title='bbox 912 3966 995 4045; x_wconf 74' lang='lat' dir='ltr'>loope</span> <span class='ocrx_word' id='word_1_202' title='bbox 1008 3965 1090 4039; x_wconf 75' lang='lat' dir='ltr'>hora,</span> <span class='ocrx_word' id='word_1_203' title='bbox 1103 3975 1133 4026; x_wconf 88' lang='lat' dir='ltr'>et</span> <span class='ocrx_word' id='word_1_204' title='bbox 1147 3966 1213 4035; x_wconf 78' lang='grc' dir='ltr'>Ὀψὲ</span> <span class='ocrx_word' id='word_1_205' title='bbox 1227 3974 1281 4039; x_wconf 77' lang='grc' dir='ltr'>τῆς</span> 
     </span>
    </p>
   </div>
   <div class='ocr_carea' id='block_1_5' title="bbox 0 0 1470 4860">
    <p class='ocr_par' dir='ltr' id='par_1_6' title="bbox 0 0 1470 4860">
     <span class='ocr_line' id='line_1_25' title="bbox 0 0 1470 4860; baseline 0 2"><span class='ocrx_word' id='word_1_206' title='bbox 0 0 1470 4860; x_wconf 95' lang='lat' dir='ltr'> </span> 
     </span>
    </p>
   </div>
  </div>
 </body>
</html>
