2932 4860
489 591 683 644 Dlsoulslnlo
704 592 988 637 camec-Blanda

188 963 364 1035 incurreret,
379 965 513 1043 adeoque
527 964 778 1043 frequentioribus
791 964 943 1025 sacrificiis
958 986 993 1025 ac
1013 964 1194 1025 eaeremoniis
1208 963 1290 1024 idem

187 1093 240 1154 ille
254 1095 522 1171 celebraretur—c)
538 1096 599 1156 dies
620 1097 675 1156 iste
698 1117 775 1156 unns
789 1105 884 1156 erate
905 1107 1027 1176 septem,
1042 1118 1167 1175 quorum
1190 1098 1292 1176 spatio

184 1224 338 1302 integrum
353 1225 484 1285 solemne
504 1225 677 1304 Azymorum
699 1226 1016 1304 comprehendebatur,
1032 1236 1062 1286 et
1082 1248 1209 1306 quorum
1232 1228 1293 1285 sin-

185 1354 260 1432 guli,
274 1356 298 1414 si
314 1355 499 1416 vacationem
521 1377 663 1434 esumque
677 1359 748 1435 agni
766 1366 796 1416 et
810 1357 1002 1418 victimarum
1022 1358 1164 1436 excipias,
1181 1358 1289 1417 iisdem

184 1484 256 1562 ipsis
277 1485 471 1565 religionibus
490 1486 666 1566 agebantur,
681 1487 789 1564 quibus
811 1487 925 1564 primus
945 1497 975 1546 et
997 1496 1162 1565 postremus
1177 1487 1287 1564 (Num,

187 1613 308 1690 (xxviii.
321 1614 377 1686 24,
392 1614 459 1674 coll.
477 1614 603 1687 18-23,
620 1614 759 1692 25.)—d)
772 1615 849 1674 alter
863 1625 928 1675 erat
942 1615 1070 1675 duorum
1085 1614 1213 1688 dierum,
1224 1617 1290 1694 qui-

183 1741 240 1802 bus
250 1742 380 1803 victimae
394 1744 491 1820 prima
501 1743 550 1802 die
560 1722 668 1804 oblatae
682 1743 985 1821 comedebantur-e)
997 1745 1093 1822 plura,
1105 1765 1196 1822 quam
1212 1755 1287 1805 cete

185 1872 226 1931 ris
247 1873 386 1932 omnibus
407 1873 593 1951 Azymorum
616 1872 729 1946 diebus,
743 1894 829 1934 saera
849 1873 962 1934 fiebant
978 1873 1065 1951 (ibid.
1086 1874 1289 1952 9-14.)-f)

184 2003 338 2062 numerari
352 2002 536 2082 incipiebant
555 2004 594 2063 ab
609 2024 643 2063 eo
657 2003 706 2063 die
725 2014 837 2082 septem
859 2003 1062 2076 hebdomadae,
1077 2023 1143 2082 quae
1162 2002 1289 2083 integrae

182 2135 365 2196 intercedere
390 2120 539 2198 debebant
560 2136 637 2196 inter
659 2135 737 2195 diem
767 2135 898 2214 primum
920 2136 1106 2214 Azymorum
1131 2143 1161 2194 et
1181 2134 1289 2195 Pente

183 2254 282 2328 costen
305 2267 394 2346 (Lev.
410 2267 496 2327 xxiii.
513 2269 559 2327 15.
575 2268 632 2340 16,
647 2267 738 2327 Dent.
759 2268 821 2327 xvi.
836 2268 863 2327 9.
885 2267 1022 2343 10‚)-9)
1037 2266 1204 2327 Sabbatum
1220 2275 1288 2327 erat

183 2399 315 2476 primum
329 2419 345 2457 e
359 2407 479 2477 septem,
495 2419 560 2477 quae
579 2398 611 2457 in
632 2398 664 2458 id
685 2399 826 2476 temporis
847 2398 977 2476 spatium
999 2396 1180 2468 incidebant,
1195 2407 1289 2475 atque

182 2531 257 2590 adeo
274 2529 360 2602 illud,
376 2529 456 2608 quod
470 2529 637 2590 Sabbatum
658 2529 901 2601 Δευτεροπρώτυν,
915 2527 1039 2588 secundo
1055 2529 1188 2606 paruum
1209 2527 1288 2588 Luc.

183 2661 237 2739 (vi.
264 2662 305 2734 1.)
334 2660 393 2720 dici
421 2660 552 2733 solebat;
573 2661 617 2750 ita
638 2660 717 2720 enim
739 2670 878 2722 vocatum
904 2659 963 2719 fuit
987 2641 1154 2720 Sabbatum
1181 2659 1289 2737 prim'ae

181 2790 305 2850 illarum
325 2790 594 2863 hebdomadarum,
608 2811 673 2869 qnae
695 2811 714 2850 a
728 2789 858 2850 secunda
878 2789 927 2850 die
941 2790 1128 2868 Azymorum
1148 2789 1188 2849 ad
1203 2788 1287 2850 diem

181 2930 387 2995 numerantur,
403 2922 454 3000 qui
475 2931 540 2982 erat
553 2921 650 3000 pridie
664 2920 859 2994 Pentecosten,
874 2922 1000 3000 proinde
1013 2918 1094 2997 quod
1108 2929 1152 2980 est
1168 2920 1288 2992 Πρῶτον

183 3054 236 3106 ἀπὸ
249 3059 299 3123 τῆς
315 3055 450 3124 δευτέρας
465 3058 515 3106 τοῦ
538 3055 639 3126 πάσχα.
683 3049 777 3110 Hisce
791 3050 884 3129 igitur
899 3048 1066 3110 rationibus
1080 3048 1156 3108 illud
1171 3047 1291 3110 Sabba-

180 3188 246 3238 tum
261 3200 280 3238 a
300 3179 322 3240 J
324 3180 414 3239 udaeis
428 3200 568 3256 tuaquom
581 3177 767 3258 adpellatum
783 3180 848 3239 fuit.

219 3309 464 3370 ‘ae—Postrema
492 3309 653 3369 difficultas
680 3311 722 3369 sic
749 3330 779 3368 se
808 3309 920 3370 habet:
963 3310 1101 3370 Christus
1129 3311 1285 3386 praedixit,

179 3439 288 3499 Matth.
305 3439 371 3516 (xii.
395 3439 458 3514 40.)
476 3460 506 3498 se
527 3429 668 3499 futurum*
687 3439 783 3499 tribus
805 3439 928 3518 integris
951 3438 1056 3499 diebus
1079 3440 1110 3497 in
1133 3438 1284 3517 sepulcro.

178 3568 261 3647 Ergo
275 3568 331 3628 nisi
353 3577 487 3628 mortuus
508 3567 611 3628 fuisset
625 3569 672 3627 die
694 3566 847 3641 Mercurii,
862 3589 920 3628 non
943 3568 1068 3628 fuissent
1088 3578 1147 3629 tres
1168 3569 1283 3648 integri

178 3697 240 3758 dies
254 3696 422 3775 sepulturae,
436 3717 472 3756 ac
486 3696 610 3774 proinde
622 3696 698 3776 Ejus
712 3696 872 3775 prophetia
882 3697 986 3756 fuisset
999 3697 1084 3756 falsa.
1127 3694 1212 3757 Huic
1227 3697 1288 3758 dif-

180 3824 308 3885 ficultati
324 3825 390 3905 jam
404 3844 577 3904 responsum
603 3844 647 3886 cst
662 3825 812 3903 (1-32,),
827 3825 880 3886 ubi
901 3825 1026 3898 ostendi,
1040 3826 1143 3906 phrasi
1158 3825 1214 3887 illa
1237 3830 1288 3888 tri·

179 3954 231 4014 bus
244 3954 345 4015 diebus
358 3961 384 4015 et
397 3954 489 4014 hiduo
501 3955 639 4028 nedibus,
652 3954 806 4016 Christum
829 3955 988 4016 intendisse
1010 3955 1142 4016 triduam
1163 3957 1289 4019 ordina·
