2932 4860
486 573 683 626 msQUmI'rlo
704 573 989 618 calmcomnmch.

183 1074 217 1135 T.
242 1076 355 1136 dictum
380 1077 555 1155 reperiatur,
575 1077 606 1136 in
631 1078 720 1138 corde
745 1088 829 1137 terrac
853 1078 950 1150 fuisse
976 1099 1068 1156 quum
1094 1089 1194 1138 tamen
1222 1089 1287 1138 tarn

183 1205 272 1264 multi
286 1205 317 1264 in
331 1206 467 1285 sepulcro
478 1204 598 1266 fuerint.

226 1335 415 1419 la-Rebns
443 1338 486 1398 ita
513 1340 683 1417 compositis
707 1339 748 1399 sic
775 1359 884 1415 urgeo:
906 1360 998 1418 quum
1026 1339 1095 1400 hinc
1120 1361 1171 1400 cor
1195 1351 1287 1400 terrae

182 1467 264 1527 haud
279 1466 424 1546 significet
438 1469 617 1547 sepulcrum,
628 1469 698 1528 inde
709 1489 779 1528 vero
793 1469 831 1528 de
844 1469 903 1528 fide
913 1469 960 1541 sit,
975 1469 1069 1529 alium
1081 1468 1171 1529 fuisse
1181 1469 1284 1529 locum

182 1607 217 1657 ut
230 1608 332 1676 postea
345 1599 507 1672 videbitur,
522 1621 540 1660 a
554 1599 647 1660 Sacra
660 1599 817 1679 Scriptura
830 1611 862 1661 et
874 1623 893 1661 a
908 1601 978 1672 PP..
991 1612 1024 1662 ut
1038 1604 1069 1661 in
1085 1602 1182 1662 medio
1197 1613 1288 1663 torrae

182 1731 367 1801 existentem,
382 1730 558 1803 indicatum,
583 1729 615 1789 in
639 1750 727 1808 quem
752 1731 855 1791 anima
879 1730 992 1792 Christi
1017 1732 1171 1792 divinitati
1196 1734 1286 1793 unita

182 1871 248 1937 post
276 1868 400 1919 mortem
429 1859 598 1931 descendit;
626 1861 788 1920 necessario
809 1860 979 1933 dicendum,
1001 1861 1153 1921 Christum
1178 1862 1286 1940 loquu-

182 1991 263 2051 tione
283 1992 318 2050 io
342 1991 425 2050 corde
449 1999 540 2064 terra,
565 1991 646 2051 hunc
671 1991 769 2051 locum
794 1991 962 2070 significare
987 1992 1154 2051 intendisse.
1198 1991 1285 2052 Huic

96 2123 97 2126 ’
180 2131 357 2200 argumento
371 2122 502 2183 addatur
516 2132 546 2182 et
559 2122 642 2181 aliud
657 2122 847 2200 desumptum
862 2142 900 2181 ex
922 2122 1020 2181 verbis
1043 2130 1144 2182 textus
1166 2134 1284 2182 contro-

180 2254 275 2314 versi:
297 2255 340 2312 ita
353 2256 408 2313 erit
421 2253 518 2312 Filius
531 2252 663 2313 hominia.
706 2253 827 2312 Etenim
850 2252 913 2312 hacc
931 2251 1033 2322 verba,
1048 2272 1140 2329 quum
1162 2253 1283 2330 respici-

181 2392 235 2442 ant
249 2383 382 2443 triduum
399 2383 510 2456 mortiS,
524 2383 556 2441 in
571 2403 629 2461 quo
644 2383 746 2443 anima
762 2382 948 2442 sanctissima
965 2382 1077 2441 Christi
1092 2382 1151 2442 fuit
1164 2403 1283 2460 separa-

181 2520 213 2571 ta
228 2533 247 2572 a
261 2532 392 2590 corpore,
408 2533 468 2572 non
482 2522 607 2591 possunt
620 2511 788 2590 significare
799 2522 895 2572 totum
907 2513 1103 2590 compositum
1116 2510 1284 2572 Theandri-

180 2662 258 2701 cum.
300 2641 416 2701 Verum
440 2663 536 2721 neque
555 2643 698 2702 denotare
722 2652 845 2720 possunt
868 2643 1015 2715 cadaver3
1036 2643 1093 2702 hoc
1115 2644 1194 2702 eninr
1222 2665 1283 2704 non

181 2770 331 2831 diceretur
344 2773 464 2850 proprie
477 2771 565 2833 filius.
606 2771 747 2851 Superest
766 2793 837 2851 ergo
856 2772 935 2851 quod
956 2772 1124 2851 significent
1138 2775 1284 2847 animam,

181 2912 297 2981 partem
326 2903 466 2964 videlicet
493 2903 577 2963 illam
611 2904 862 2982 principaliorem,
892 2903 1127 2983 nobilioremque
1154 2906 1282 2966 humani

181 3033 346 3110 compositi,
361 3053 485 3110 quaeque
498 3032 595 3110 ipsum
610 3032 807 3093 substantiale
818 3053 878 3093 esse
890 3033 1019 3092 hominis
1033 3034 1149 3111 corpori
1164 3035 1282 3096 tribuit.

181 3161 280 3239 Atqui
294 3161 369 3232 dico,
384 3162 487 3220 anima
508 3160 620 3221 Christi
641 3161 742 3221 triduo
761 3162 873 3234 mortio,
889 3182 946 3221 non
962 3163 993 3220 in
1015 3162 1160 3240 sepulcr0,
1176 3184 1280 3223 verum

179 3293 211 3352 in
226 3291 279 3352 illo
294 3291 359 3352 loco
373 3292 439 3365 fuit,
449 3291 501 3369 qui
516 3292 546 3350 in
563 3290 659 3351 medio
670 3301 756 3350 terrae
770 3301 822 3351 est.
846 3290 938 3351 Hunc
950 3312 1020 3368 crgo
1032 3291 1129 3351 locum
1143 3291 1283 3353 Christus

179 3422 280 3482 innuit
294 3422 412 3500 phrasi:
427 3423 461 3480 io
475 3420 559 3480 corde
573 3427 663 3480 terrae.
684 3419 743 3480 Sed
758 3429 787 3480 et
802 3421 898 3491 tertio,
913 3419 935 3480 J
936 3440 1001 3479 esus
1010 3419 1147 3479 Christus
1162 3422 1280 3482 verbis:

179 3552 328 3630 Sicutfait
342 3552 436 3612 Jonas
449 3553 484 3610 ia
496 3557 591 3610 uentre
605 3551 658 3610 ceti
674 3597 680 3610 .
697 3596 703 3610 .
719 3597 725 3610 .
741 3597 748 3610 .
762 3552 803 3610 cic
816 3553 870 3610 erit
883 3550 982 3609 itlius
1003 3549 1127 3609 hominia
1142 3553 1175 3610 in
1197 3554 1283 3612 corde

179 3690 271 3756 terra,
286 3683 539 3761 comparationem
565 3681 712 3753 instituit;
734 3680 859 3759 proinde
881 3680 1002 3740 termini
1025 3680 1201 3759 respondere
1223 3683 1279 3741 sihi

179 3813 296 3875 debent.
338 3814 455 3874 Verum
470 3813 501 3872 in
516 3812 608 3891 priori
624 3821 709 3891 parte
729 3812 791 3891 ejus
804 3811 839 3872 fit
852 3790 949 3872 serino
963 3812 1000 3871 de
1014 3811 1037 3872 J
1038 3833 1104 3884 ona,
1119 3813 1171 3891 qui
1188 3813 1281 3891 juxta

179 3943 247 4004 fere
260 3963 361 4004 omnes
382 3944 565 4021 interpretes,
580 3943 668 4003 vivus
689 3941 720 3999 in
735 3950 839 4002 ventre
859 3941 948 4020 piscis
970 3941 1061 4019 degit.
1106 3942 1189 4020 Ergo
1204 3954 1234 4001 et
1249 3946 1279 4001 in
